2029 3392
41 952 78 985 10

40 1289 77 1323 15

41 1629 78 1662 20

538 217 696 262 ANTlQ.
723 217 819 252 IUD.
845 216 932 252 XIII
958 219 1137 252 :354-359
1162 219 1246 258 (xm.
1262 221 1289 248 2.
1306 219 1337 254 3)
1683 214 1761 252 217

111 336 336 391 σύμμαχον
375 331 619 388 ἅνθρωτον
657 326 954 388 ἀφαιρήσεται
1000 346 1078 387 τις
1116 328 1233 379 ἰδίας
1273 327 1473 379 ἐξοισίας
1518 329 1589 370 καὶ
1628 331 1767 371 ταῦτα

111 405 289 461 συγγενῆ
323 400 547 459 ἡμέτερον
590 394 640 442 οὗ
671 397 752 476 γὰρ
783 393 954 452 ἀγνοεῖν
969 397 1201 476 Ηβοίλομαί
1227 411 1288 447 σε,
1322 399 1469 452 (proha,
1503 394 1541 436 εἰ
1571 393 1619 436 τὸ
1654 395 1767 451 [ρος

109 474 265 514 τοῦτον
305 466 454 513 ἄδικον
493 464 679 521 ἐχθροὺς
719 461 921 514 α’παντας
961 461 1072 521 ἶμᾶς
1111 479 1183 506 σοι
1220 480 1324 513 τους
1357 459 1594 512 Ἰουδαίοις
1632 480 1766 505 κατα-

111 554 211 582 σκευ
216 537 350 590 άζειῇς
407 537 544 578 ταῦτα
575 534 622 576 δὲ
642 530 822 576 Ἀνανία
844 534 1119 586 παραινέσω
1122 548 1196 581 τος
1216 550 1240 588 η
1266 530 1532 585 Κλεοπάτρα
1555 533 1768 574 πείθεται

107 606 242 664 μηδὲν
265 600 468 661 ἀδικῆσαι
489 600 566 644 τὸν
587 597 712 650 'Mb
714 600 884 655 ανδρον,
917 595 1028 641 ἀλλὰ
1052 603 1301 653 συιιμαχίαν
1322 598 1436 654 πρὸς
1459 594 1590 641 αὐτὸν
1612 596 1767 654 ἐποιη-

111 689 220 716 σατο
252 672 295 716 ἐν
325 669 607 713 Σκυθοπόλει
636 671 714 724 τῆς
742 668 891 724 κοίλης
920 670 1096 721 Σιρίας.

223 744 261 784 3.
289 736 336 782 ‘O
366 738 412 781 δὲ
441 739 530 780 τιῦν
561 735 605 779 ἐκ
627 737 910 790 Πτολεμαίου
942 734 1094 791 φόβων
1127 732 1452 788 ἐλευθερωθεὶς
1483 733 1768 788 στρατεύεται

109 808 188 863 μὲν
218 803 352 856 εὐθὺς
390 805 464 848 ἐπὶ
506 803 584 861 τὴν
621 805 770 861 κοίλην
800 806 976 858 Συρίαν,
1018 802 1134 857 αἱρεῖ
1173 801 1219 844 δὲ
1254 801 1432 855 Γάδαρα
1471 800 1771 858 πολιορκήσας

110 876 212 918 δέκα
249 876 394 931 μησίν,
436 873 551 929 αἱρεῖ
592 872 638 916 δὲ
677 873 749 914 καὶ
785 867 1072 925 Ἀμαθοῦντα
1109 872 1316 924 μέγιστον
1356 869 1492 924 ἔρυμα
1531 870 1617 911 τῶν
1656 866 1770 924 ὑπὲρ

106 941 182 985 τὸν
218 937 436 998 Ἰορδάνην
474 942 812 998 κατῳκημένιυν,
853 938 966 982 ἔνθα
1005 940 1077 981 καὶ
1117 937 1172 980 τὰ
1209 937 1424 980 κάλλιστα
1460 938 1532 979 καὶ
1574 937 1771 993 σπουδῆς

109 1007 211 1061 άξια
253 1008 484 1066 Θεόδωρος
522 1006 543 1051 ὁ
585 1008 788 1066 Ζήνωνος
827 1004 951 1060 εἶχεν.
1017 1005 1066 1056 ὃς
1105 1022 1154 1048 ου
1195 1005 1502 1061 προσδοκῶσιν
1541 1003 1770 1047 ἐπιπεσών

106 1086 200 1128 τοῖς
224 1073 455 1128 Ἰουδαίοις
484 1081 666 1132 μυρίους
698 1072 841 1118 αυτιῦν
873 1071 1124 1153 ἀποκτείνει
1154 1075 1226 1117 καὶ
1256 1072 1335 1129 τὴν
1363 1068 1612 1129 άποσκευην
1647 1067 1770 1114 Ἀλε-

109 1145 186 1197 ξάν
180 1146 293 1201 δρου
325 1144 523 1201 διαρπάζ
522 1161 574 1188 ει.
620 1146 760 1187 ταῦτα
780 1143 859 1198 μὲν
883 1134 958 1185 οὖν
982 1137 1031 1185 οὗ
1053 1141 1350 1199 καταπληττει
1371 1139 1448 1183 τὸν
1469 1135 1769 1194 Ἀλέξανδρον,

108 1209 206 1256 ἀλλ’
235 1213 541 1269 ἐπιστρατεύει
570 1221 665 1262 τοῖς
694 1212 960 1261 θαλαττίοις
989 1213 1180 1266 μέρεσιν,
1208 1206 1387 1266 Ῥαφείᾳ
1416 1209 1489 1250 καὶ
1517 1203 1769 1264 Ἀνθηδόνι,

110 1281 158 1339 ἢν
191 1281 370 1338 ὕστερον
389 1280 596 1336 βασιλεὺς
622 1278 818 1337 Ἡρώδης
839 1275 1147 1335 Ἀγριππιάδα
1169 1272 1534 1334 προσηγόρευσεν,
1564 1278 1637 1319 καὶ
1659 1275 1769 1318 κατὰ

107 1348 266 1405 κράτος
305 1348 418 1392 εἷλεν
456 1350 527 1391 καὶ
566 1348 742 1405 ταύτην.
803 1344 917 1400 ὁρῶν
950 1346 996 1389 δὲ
1027 1345 1103 1389 τὸν
1134 1346 1416 1398 Πτολεμαῖον
1447 1343 1492 1386 ἐκ
1521 1345 1598 1401 τῆς
1629 1343 1771 1400 Γάζης

109 1416 171 1467 εἷς
205 1416 384 1472 Κύπρον
416 1412 794 1473 ἀνακεχωρηκότα,
834 1413 911 1470 τὴν
944 1413 991 1456 δὲ
1021 1416 1187 1470 μητέρα
1222 1408 1354 1455 αὐτοῦ
1385 1411 1678 1467 Κλεοπάτραν
1710 1411 1772 1463 εἷς

107 1485 359 1540 Αἴγυπτον,
392 1480 671 1540 ὀργιζόμενος
702 1483 748 1526 δὲ
777 1491 872 1533 τοῖς
904 1481 1124 1533 Γαζαίοις,
1157 1480 1229 1524 ὅτι
1249 1481 1532 1534 Πτολεμαῖον
1563 1478 1773 1522 ἐπεκαλέ-

110 1567 244 1595 σαντο
273 1552 458 1608 βοηθόν,
491 1551 742 1607 ἐπολιόρκει
771 1549 849 1608 τὴν
881 1546 1014 1592 πόλιν
1044 1551 1115 1592 καὶ
1146 1548 1224 1606 τὴν
1252 1547 1397 1603 χώραν
1421 1542 1563 1590 αὐτῶν
1584 1546 1773 1603 προενό-

107 1635 277 1675 μευσεν.
328 1617 656 1662 Ἀπολλοδότου
687 1618 734 1661 δὲ
763 1620 842 1660 τοῦ
873 1619 1116 1675 στρατηγοῦ
1147 1619 1234 1659 τῶν
1258 1615 1458 1668 Γαζαίων
1488 1613 1598 1669 μετὰ
1631 1614 1771 1668 δισχι-

109 1688 215 1730 λίων
238 1687 371 1738 ξένιον
387 1689 460 1730 καὶ
481 1691 649 1742 μυρίων
667 1685 844 1729 οἷκετιῦν
861 1684 1025 1740 νύκτωρ
1048 1683 1343 1733 ἐπιπεσόντος
1362 1686 1425 1739 τῷ
1446 1685 1532 1725 τῶν
1548 1678 1773 1726 Ἰουδαίων

109 1754 398 1811 στρατοπέδῳ
430 1750 503 1811 ἐφ)
531 1749 636 1798 ὅσον
665 1754 744 1808 μὲν
775 1751 965 1811 ὑπῆρχεν
996 1750 1019 1808 ἡ
1043 1751 1122 1803 νὺξ
1141 1751 1292 1795 ἐνίκων
1315 1751 1356 1794 οἱ
1381 1750 1565 1803 Γαζαῖοι
1595 1750 1774 1808 δόκησιν

106 1821 410 1878 παρασχόντες
448 1831 542 1872 τοῖς
572 1822 806 1876 πολεμίοις
847 1818 904 1871 ὡς
935 1819 1266 1878 ἐπεληλυθότος
1297 1818 1446 1869 αὐτοῖς
1475 1819 1773 1873 Πτολεμαίου,

106 1893 339 1948 γενομένης
369 1889 416 1932 δὲ
447 1886 612 1947 ἡμέρας
649 1891 722 1932 καὶ
762 1891 838 1947 τῆς
869 1888 998 1946 δόξης
1029 1888 1310 1946 ἐλεγχθείσης
1339 1886 1563 1943 μαθόντες
1599 1886 1641 1929 οἱ
1667 1881 1775 1929 Ἰου-

221 2016 243 2060 ξ
267 2017 333 2049 356
357 2030 400 2042 =
424 2014 506 2050 bell.
530 2013 610 2048 Iud.
634 2013 652 2047 I
678 2016 733 2048 86.

225 2115 588 2152 PFLAMVWELat

230 2176 244 2208 1
271 2167 598 2220 *ἀφαιρεθήσεται
621 2171 669 2206 W
763 2173 782 2204 2
807 2171 878 2207 *σε
900 2167 1089 2218 βούλομαι
1113 2173 1158 2205 tr.
1183 2168 1282 2204 FLV
1366 2168 1410 2211 εἰ]
1438 2162 1495 2205 ὅτι
1519 2166 1776 2202 FLAMVWE

110 2228 279 2275 quoniam
302 2228 373 2263 Lat
452 2230 471 2262 3
496 2225 781 2272 κατασκευάζει]
805 2223 1035 2273 καταστήσει
1058 2225 1247 2261 FAMVW
1271 2223 1546 2262 κατασκευάσει
1571 2224 1604 2258 Ε
1629 2222 1776 2258 habebis

109 2284 180 2320 Lat
271 2288 292 2320 4
317 2280 505 2321 *α’νανίου
529 2284 749 2319 FLAMVW
866 2281 1240 2328 *παρακαλέσαντοσ
1262 2282 1296 2318 V
1396 2285 1414 2316 5
1441 2278 1628 2326 ἀδικήσειν
1652 2279 1683 2314 Ε

112 2344 130 2375 ’7
156 2342 274 2383 *τῶν1
299 2337 370 2378 τὸν
392 2341 423 2375 L
526 2344 544 2376 8
570 2337 711 2382 *εὐθὺς
735 2351 802 2375 om.
828 2340 856 2374 P
957 2339 1128 2385 *κοίλην,
1153 2352 1176 2374 κ
1199 2339 1222 2374 i.
1241 2348 1312 2373 ras.
1337 2338 1378 2373 M
1468 2335 1594 2384 *αἴρει
1618 2335 1729 2371 PLW

109 2398 312 2444 *qazaram
339 2397 416 2433 cod.
434 2397 586 2442 Neapol.
602 2397 674 2431 Lat
744 2399 763 2431 9
789 2394 887 2443 αἶ’ρει
910 2395 1054 2432 PLVW
1126 2398 1166 2431 10
1190 2395 1460 2442 κατωκημένον
1475 2393 1554 2428 FL¹
1578 2406 1775 2430 κατοικου-

110 2453 234 2499 μένων
257 2454 286 2488 Ρ
310 2453 601 2498 κατωκειμένων
618 2453 664 2487 W
733 2454 797 2488 καὶ
821 2454 918 2494 (ante
934 2449 995 2489 τὰ)
1022 2462 1090 2487 om.
1109 2451 1140 2485 E
1210 2454 1250 2487 13
1275 2445 1373 2488 *οὖν
1397 2461 1465 2486 om.
1483 2449 1544 2484 PL
1595 2453 1636 2484 14
1660 2451 1776 2486 *τοῖσ

111 2509 401 2547 ἐπιθαλαττίοισ
417 2510 481 2545 FV
553 2509 674 2556 ῥαφία
686 2508 940 2543 FLAMVWE
1013 2511 1053 2543 15
1071 2501 1255 2555 *ἕστεροσ
1270 2507 1299 2541 P
1367 2502 1515 2554 ἡρώδησ
1530 2502 1712 2553 βασιλεὺσ
1727 2510 1772 2542 tr.

111 2565 266 2602 LAMW
287 2561 438 2614 ἥρω’ὃησ
463 2562 484 2603 ὃ
509 2562 690 2614 βασιλεὺσ
706 2565 772 2599 FV
842 2561 1047 2611 άγριππίδα
1065 2564 1111 2599 W
1129 2559 1332 2611 α’γριπιάδα
1350 2563 1382 2597 Ε
1452 2559 1774 2609 προσηγόρευσεν]

112 2620 361 2668 μετωνόμασε
385 2626 478 2665 (-σεν
501 2622 611 2665 A¹W)
636 2621 858 2657 FAMVWE
889 2618 1169 2666 μετωνώμασεν
1192 2620 1240 2663 L,
1273 2620 1296 2654 i.
1322 2628 1432 2663 marg.
1458 2618 1573 2654 reciso
1598 2622 1776 2663 apparent

114 2680 549 2749 ypmnulyo'pgvmq
573 2701 604 2735 F
629 2700 831 2736 nominauit
854 2699 924 2734 Lat
1061 2700 1153 2736 *καὶ
1177 2710 1245 2735 om.
1270 2698 1299 2733 P
1441 2700 1482 2733 16
1505 2694 1586 2739 τὸν]
1611 2694 1682 2734 τὸν
1705 2698 1776 2742 μὲν

114 2757 301 2793 LAMWE
375 2755 527 2805 *Γάζησ
551 2758 604 2800 εἰς
627 2768 695 2793 om.
721 2757 753 2791 V
826 2759 865 2790 17
889 2752 1233 2802 μετακεχωρηκότα
1258 2754 1446 2790 LAMWE
1520 2756 1561 2788 19
1585 2751 1775 2801 *παρενό-

116 2825 252 2857 μευσεν
274 2813 307 2848 V
410 2817 452 2849 20
470 2814 515 2851 *δὲ
538 2825 607 2850 om.
633 2814 666 2848 E
791 2814 869 2848 τῶν
893 2822 960 2848 om.
986 2812 1018 2846 E
1133 2812 1347 2856 *Γαζαίων]
1371 2821 1593 2856 qazenorum
1617 2810 1687 2845 Lat

118 2871 157 2904 21
186 2868 384 2911 *alaz-032³]
409 2871 541 2906 ciuium
564 2870 654 2915 Lat;
684 2869 843 2906 οἰκετῶν
866 2868 928 2903 uix
951 2869 1090 2903 rectum
1182 2869 1225 2902 22
1249 2865 1547 2913 *στρατοπέδων
1570 2865 1598 2900 Ρ
1684 2866 1776 2913 *γα-

119 2925 248 2969 ζαίων,
273 2938 326 2961 ων
349 2935 441 2962 corr.
467 2936 510 2961 ex
535 2939 577 2963 o-
603 2937 648 2960 m.
676 2928 694 2960 2
720 2925 750 2959 L
844 2926 884 2959 23
911 2923 1148 2971 παρέχοντεσ
1171 2922 1424 2958 FLAMVWE
1511 2924 1554 2957 24
1578 2917 1642 2958 *δ’
1667 2922 1732 2958 Fv

119 2979 415 3027 *ἐλλεγχθείσησ
437 2981 468 3016 L

1799 535 1878 576 350

1801 738 1881 778 356

1803 1146 1883 1187 357

1803 1349 1884 1390 358

1804 1619 1886 1661 359
