2107 3377
331 193 403 228 XII
1063 183 1254 220 Praefatio.

503 305 803 348 dilaceraretur
825 302 866 343 in
887 314 937 344 eo
967 298 1098 342 fuisse
1127 311 1209 341 non
1241 309 1387 340 omnes
1416 294 1712 348 antiquitatum
1742 291 1888 345 libros,
1919 291 1997 335 sed

504 374 633 415 libros
662 369 865 413 XI—XX
904 381 998 410 cum
1038 367 1138 408 uita.
1203 369 1344 420 partes
1385 361 1591 416 quasdam
1627 360 1788 416 primus
1820 359 1998 402 contulit
2043 389 2049 394 -

504 440 695 491 Bekker‚
739 436 891 480 deinde
923 439 1055 477 totum
1086 432 1310 487 diligenter
1352 429 1536 473 excussit
1573 428 1859 480 lectionesque
1897 425 1998 469 inde

506 511 725 561 excerptas
755 503 857 546 mihi
889 502 1006 545 dedit
1037 501 1272 544 Guilelmus
1302 496 1493 541 Schmidt
1523 495 1854 538 Brunsuicensis.

341 581 399 620 14.
418 576 551 620 codex
568 573 848 617 bibliothecae
864 569 1060 625 publicae
1072 565 1366 620 Lugdunensis
1379 566 1635 608 Batauorum
1650 563 1758 605 inter
1769 561 1997 605 Vossianos

504 654 678 696 graecos
714 641 748 682 F
771 642 823 680 26
855 638 1100 680 chartaceus
1139 635 1333 677 foliorum
1365 634 1446 675 325
1485 631 1654 675 saeculo
1684 630 1763 672 XV
1794 633 1866 672 aut
1895 629 1998 672 XVI

504 723 652 764 parum
691 706 913 758 diligenter
951 707 1163 747 exaratus.
1230 701 1415 745 continet
1452 713 1561 742 nunc
1598 698 1730 741 libros
1771 697 1998 740 XII—XX

505 790 598 819 cum
621 776 718 827 uita,
750 772 827 816 sed
848 773 946 815 olim
970 771 1096 814 etiam
1127 770 1279 812 librum
1300 768 1375 822 XI,
1409 767 1480 820 qui
1510 780 1594 809 una
1615 780 1708 809 cum
1737 764 1998 819 argumentis

503 844 599 886 libri
616 843 700 884 XII
720 854 829 884 nunc
851 840 983 893 abest,
1005 839 1047 880 in
1070 851 1118 881 eo
1140 837 1269 880 fuisse
1285 849 1359 891 pro
1378 840 1490 878 certo
1512 839 1663 876 statuo.
1710 833 1813 876 mihi
1830 836 1997 888 praesto

503 912 581 954 fuit
611 911 678 952 hic
708 910 750 951 in
783 906 1040 950 bibliotheca
1064 903 1367 958 Marburgensi,
1399 916 1481 955 quo
1513 915 1539 944 a
1569 901 1856 944 bibliothecae
1886 901 1998 955 Lug-

503 978 703 1021 dunensis
732 976 944 1031 praefecto
976 971 1247 1016 transmissus
1278 976 1353 1013 est.

341 1051 400 1090 15.
432 1046 566 1090 codex
598 1042 963 1096 Henncbergensis
1002 1053 1110 1082 nunc
1149 1038 1360 1094 gymnasii
1399 1036 1785 1090 Schleusingensis,
1823 1035 1878 1078 de
1915 1047 1999 1089 quo

503 1113 686 1156 diximus
718 1112 758 1153 in
789 1110 1052 1165 Jraesatione
1072 1108 1153 1150 ucl.
1185 1107 1263 1160 Ip.
1285 1104 1422 1147 XXII.
1483 1104 1688 1147 continuit
1716 1103 1816 1146 olim
1847 1103 1999 1147 eadem

504 1194 611 1233 quae
633 1181 675 1221 in
692 1180 894 1220 Vaticano
917 1179 997 1219 984
1019 1177 1170 1227 insunt,
1193 1173 1488 1225 antiquitatum
1503 1172 1703 1214 librorum
1724 1171 1843 1213 I-X
1865 1171 1997 1226 epito-

505 1262 627 1298 mam,
659 1247 787 1288 libros
817 1244 1019 1286 XI—XX
1049 1255 1143 1285 cum
1175 1241 1262 1283 uita
1292 1241 1476 1292 integros
1509 1242 1549 1280 et
1581 1239 1736 1280 bellum
1766 1238 1998 1282 Iudaicum.

502 1328 609 1356 nunc
640 1313 912 1366 antiquitates
942 1310 1137 1353 desinunt
1176 1309 1218 1350 in
1259 1314 1352 1356 τοῖς
1382 1322 1428 1348 τε
1463 1301 1535 1361 ἦγε
1554 1306 1565 1358 Η
1581 1306 1702 1356 (XIX
1723 1308 1802 1346 247
1826 1306 1909 1348 uol.
1939 1305 1999 1348 IV

500 1396 541 1437 p.
566 1384 658 1435 254,
690 1382 751 1433 2);
789 1379 952 1432 reliqua
991 1381 1033 1420 et
1073 1376 1230 1418 bellum
1270 1374 1488 1417 Iudaicum
1527 1374 1614 1416 fere
1654 1377 1787 1415 totum
1826 1371 1998 1416 excidit.

504 1454 544 1492 et
575 1449 686 1502 quod
717 1448 817 1491 olim
847 1447 932 1488 iam
962 1444 1200 1499 suspicatus
1232 1456 1347 1485 cram
1377 1455 1488 1484 nunc
1510 1441 1713 1484 Vaticano
1744 1442 1827 1483 984
1848 1440 2000 1484 melius

502 1518 669 1572 cognito
702 1530 775 1571 pro
806 1519 919 1558 certo
951 1512 1161 1555 affirmare
1192 1523 1362 1565 possum
1394 1522 1447 1551 ex
1486 1510 1566 1552 hoc
1597 1508 1800 1551 Vaticano
1832 1508 1999 1552 Henne-

507 1586 753 1639 bergensem
784 1581 1040 1636 descriptum
1072 1592 1176 1622 esse.
1228 1590 1366 1631 neque
1398 1577 1510 1620 enim
1541 1577 1677 1619 solum
1707 1589 1875 1630 semper
1904 1588 1999 1619 cum

505 1666 554 1694 eo
576 1651 769 1703 concinit,
791 1663 935 1692 uerum
957 1648 1084 1690 etiam
1107 1659 1216 1699 quae
1245 1646 1288 1688 in
1310 1645 1513 1687 Vaticano
1536 1643 1840 1697 desiderantur,
1871 1643 1999 1687 etiam

505 1722 558 1762 ab
591 1716 937 1772 Hennebergensi
967 1716 1131 1758 absunt.
1183 1717 1404 1768 praeterea
1434 1712 1478 1755 in
1509 1725 1559 1754 eo
1589 1725 1699 1754 nunc
1729 1711 1874 1754 excisa
1903 1715 2002 1754 sunt

506 1788 608 1830 folia
629 1786 857 1841 complura,
890 1784 932 1826 in
964 1783 1115 1836 quibus
1147 1781 1310 1823 inerant
1341 1792 1450 1833 quae
1470 1780 1579 1822 inter
1596 1774 1823 1833 Ὀφέλλιος
1854 1777 1998 1835 ἐνῆγεν

509 1856 625 1909 (XIV
646 1858 725 1896 345
744 1868 782 1908 p.
802 1854 896 1905 302,
920 1853 987 1901 23)
1011 1854 1053 1892 et
1081 1846 1198 1901 ὅμως
1222 1846 1487 1899 Κλεοπάτρα
1509 1850 1614 1900 μέρη
1638 1845 1735 1887 τινὰ
1757 1853 1998 1899 παρασχεῖν

504 1923 600 1975 (XV
628 1925 702 1963 132
734 1935 771 1976 p.
797 1923 889 1973 355,
913 1921 983 1968 22)
1014 1921 1170 1960 extant.
1232 1915 1376 1959 codice
1414 1919 1460 1957 ut
1497 1927 1631 1967 usque
1674 1913 1730 1956 ad
1769 1914 1999 1968 perfectum

508 1991 585 2032 hoc
618 1990 811 2032 uolumen
843 1988 902 2029 uti
933 1999 1115 2041 possem,
1147 1986 1303 2026 factum
1334 1987 1397 2026 est
1417 1982 1571 2036 insigni
1593 1980 1857 2024 Schmiederi
1878 1995 1996 2037 gym-

508 2057 717 2100 nasiarchi
748 2053 1112 2108 schleusingensis
1149 2051 1422 2094 humanitate.

451 2127 679 2178 Postquam
711 2123 876 2166 codices
909 2120 1172 2173 enumeraui,
1205 2119 1356 2172 quibus
1387 2118 1534 2160 horum
1566 2117 1766 2160 librorum
1797 2118 1999 2160 memoria

339 2194 590 2245 continetur,
631 2200 797 2234 transeo
835 2190 890 2232 ad
931 2190 1158 2244 epitomam
1200 2187 1294 2240 (E),
1335 2186 1452 2228 cuius
1490 2186 1532 2227 in
1572 2184 1833 2239 praefatione
1865 2185 1999 2228 uol.I

338 2276 377 2316 p.
399 2262 539 2303 XVIII
557 2274 647 2313 sqq.
689 2259 854 2302 codices
887 2261 1032 2297 extare
1063 2254 1152 2296 dixi
1184 2267 1281 2308 sex,
1315 2267 1491 2307 quorum
1523 2253 1707 2295 maxime
1738 2252 1999 2295 memorandi

339 2337 434 2371 sunt
481 2329 615 2371 codex
664 2326 985 2369 Busbeckianus
1043 2322 1326 2365 bibliothecae
1375 2321 1611 2364 Caesareae
1661 2319 1999 2363 Vindobonensis

339 2398 433 2439 hist.
464 2410 524 2450 gr.
557 2410 616 2437 nr.
649 2397 700 2435 22
732 2394 890 2436 saeculi
920 2394 1006 2435 fere
1036 2390 1158 2444 XIV,
1198 2391 1333 2433 codex
1376 2389 1681 2432 Laurentianus
1722 2389 1823 2443 plut.
1858 2387 1997 2430 LXIX

339 2465 429 2507 cod.
462 2468 512 2505 23
552 2463 709 2506 sacculi
748 2463 834 2504 fere
865 2460 985 2512 XIV,
1028 2458 1162 2502 codex
1191 2458 1405 2501 ParIsinus
1444 2471 1504 2499 nr.
1543 2460 1641 2499 1601
1677 2456 1857 2511 scriptus
1888 2468 1998 2498 anno

340 2546 378 2586 p.
403 2532 497 2574 Chr.
530 2534 645 2572 1:223.
695 2529 759 2571 his
781 2527 892 2571 addo
916 2527 1102 2570 codicem
1136 2526 1471 2580 Philippei-anum
1501 2538 1560 2567 nr.
1599 2526 1702 2565 1025
1734 2523 1833 2566 olim
1866 2522 1996 2566 Meer-

339 2599 607 2642 mannianum
649 2600 727 2639 :373
770 2609 900 2651 nuper
945 2595 985 2636 in
1036 2593 1332 2636 bibliothecam
1384 2593 1543 2646 regiam
1586 2591 1899 2634 Berolinensem
1937 2590 1996 2632 in-

341 2672 504 2710 uectum
536 2666 799 2708 chartaceum
832 2664 1078 2719 paginarum
1100 2664 1176 2702 7-11
1204 2674 1314 2703 anno
1343 2663 1445 2701 1573
1479 2665 1710 2712 exaratum,
1742 2671 1866 2711 quem
1898 2662 1999 2712 tum,

340 2749 431 2778 cum
471 2735 664 2777 uolumen
699 2732 935 2783 lederent,
974 2730 1156 2773 nondum
1187 2741 1400 2771 noueram.
1463 2729 1570 2769 inest
1610 2727 1649 2769 in
1691 2740 1762 2779 eo,
1803 2731 1903 2768 uta
1932 2739 1999 2768 me

341 2803 617 2855 interrogatus
640 2800 850 2854 rescripsit
873 2798 1045 2841 Carolus
1069 2799 1247 2852 Boysen,
1269 2796 1455 2851 epitoma
1475 2795 1774 2847 antiquitatum
1797 2793 1998 2837 librorum

342 2869 499 2923 uiginti.
559 2883 637 2921 ego
671 2882 767 2909 ucro
800 2868 1024 2921 epitomam
1066 2864 1193 2907 habui
1235 2877 1287 2906 ex
1328 2863 1473 2906 codice
1505 2862 1800 2905 Busbeckiano
1833 2865 2000 2916 praeter

341 2937 491 2980 librum
532 2936 628 2977 XIV
664 2940 688 2986 ς’
726 2939 876 2986 1-53,
924 2934 1074 2976 librum
1114 2932 1255 2975 XVIII
1302 2931 1398 2973 iude
1438 2945 1464 2973 a
1503 2933 1528 2983 ξ
1561 2933 1664 2984 371,
1708 2930 1859 2974 librum
1896 2929 2000 2972 XIX
