2029 3392
570 226 729 271 ANTlQ.
756 225 851 262 IUD.
879 225 962 261 xlv
991 230 1161 262 157-—101
1192 230 1249 265 (nx.
1271 233 1292 260 ι,
1311 229 1342 267 2)
1707 227 1787 262 209

131 345 399 401 νεωτερίζειν
439 342 614 386 ἐλπίσιν
651 341 723 383 καὶ
762 348 857 388 τοῖς
897 335 981 380 ἀπ’
1016 335 1160 381 αὐτῶν
1200 339 1395 393 κέρδεσιν
1436 340 1790 392 προσανέχοντας

132 411 266 456 αὐτὸν
295 413 373 466 μὲν
405 410 514 461 ἕξειν
546 403 643 452 ἀντὶ
674 405 927 462 προστάτου
959 406 1192 463 δεσπότην,
1221 404 1424 462 Ὑρκανὸν
1455 405 1501 447 δὲ
1534 401 1629 446 ἀντὶ
1661 409 1790 458 βασι-

135 481 243 531 λέως
272 479 492 534 τύραννον.
519 472 755 530 Ῥωμαίους
791 474 838 516 δὲ
868 475 938 516 καὶ
973 478 1179 529 Καίσαρα
1211 472 1395 528 πικροὺς
1425 468 1532 515 ἀνθ’
1570 469 1791 528 ἡγεμόνων

135 548 395 602 πολεμίους·
428 541 476 588 οὑ
500 541 583 599 γὰρ
606 538 845 592 ἀνέξεσθαι
876 541 1243 595 μετακινούμενον
1273 541 1323 584 ὂν
1346 538 1473 584 αὐτοὶ.
1504 543 1789 596 κατέστησαν.

84 625 99 656 5
130 632 269 658 ταιτα
300 615 433 668 λέγων
462 613 658 653 καθίστα
688 608 741 651 τὰ
772 607 883 651 κατὰ
912 607 991 664 τὴν
1019 609 1177 663 χιὺριιι

246 685 284 724 2.
316 678 490 735 Βραδὺν
521 673 563 720 δ’
599 674 713 732 ὁρῶν
743 678 814 720 καὶ
848 678 974 732 νωθῆ
1004 676 1080 719 τὸν
1107 674 1309 728 Ὑρκανὸν
1337 675 1576 731 Φασάηλον
1607 674 1686 727 μὲν
1716 672 1792 715 τὸι

135 748 435 805 πρεσβύτατον
473 747 560 787 τῶν
591 745 767 788 παίδων
794 744 1105 799 Ιεροσολύμων
1144 746 1216 787 καὶ
1256 746 1342 785 τῶν
1380 742 1511 798 πέριξ
1550 739 1792 797 στρατιγὸι

135 813 454 865 ἀποδείκνυσιν,
492 814 557 868 τῷ
588 812 634 854 δὲ
664 808 761 866 μετ’
800 808 932 854 αὐτὸν
958 809 1128 868 ‘Hqujdgy
1165 827 1242 867 την
1277 811 1518 853 ΙὛαλιλαίαι
1551 809 1794 864 ἐπέτρεψεν

134 886 216 939 νέῳ
247 881 535 925 παντάπασιν
566 877 682 924 ὄντι·
715 879 1029 922 πεντεκαίδεκα
1059 878 1142 934 γὰρ
1165 878 1352 934 ἐγεγόνει
1373 877 1487 932 μόνα
1509 877 1596 934 ἔτη.
1646 876 1792 931 βλάπ-

67 961 104 995 1⁰
131 966 197 994 τει
229 950 276 992 δὲ
307 945 432 993 οὐδὲν
464 945 597 992 αὐτὸν
627 945 651 1004 ἡ
686 947 856 1004 νεότης,
895 943 994 989 ἀλλ’
1031 940 1092 990 ὢν
1123 946 1172 989 τὸ
1206 945 1412 1003 φρόνημα
1442 955 1640 1000 γενναῖος
1670 941 1692 988 0‘
1726 960 1795 987 νε-

66 1297 102 1331 15

133 1022 260 1068 ανίας
290 1013 495 1075 ἀφορμὴν
518 1013 707 1072 εὗρίσκει
729 1017 998 1071 παραχρῆμα
1021 1014 1083 1065 εἷς
1106 1013 1321 1064 ἐπίδειξιν
1342 1015 1419 1071 τῆς
1442 1010 1610 1070 ἀρετῆς.
1660 1029 1795 1055 κατα-

131 1084 278 1140 λαβών
308 1084 390 1141 γὰρ
416 1080 604 1137 Ἐζεκίαν
634 1083 710 1127 τὸν
743 1079 1006 1140 ἀρχιλῃστὴν
1045 1081 1100 1125 τὰ
1132 1083 1327 1139 προσεχῆ
1362 1083 1439 1137 τῆς
1469 1084 1632 1136 Συρίας
1662 1097 1796 1122 κατα-

130 1155 338 1208 τρέχοντα
370 1151 448 1196 σὺν
478 1151 653 1208 μεγάλῳ
691 1155 854 1208 στίφει,
885 1152 1042 1193 τοῦτον
1065 1149 1294 1205 συλλαβών
1320 1153 1479 1192 κτείνει
1510 1150 1581 1191 καὶ
1605 1147 1798 1198 πολλοὺς

130 1222 219 1264 τιῦν
251 1219 329 1263 σὺν
358 1216 474 1275 αὐτῷ
508 1221 690 1276 λῃστῶν.
742 1218 918 1276 σφόδρα
950 1218 996 1261 δὲ
1020 1214 1153 1261 αι’ττοῦ
1182 1217 1231 1260 τὸ
1256 1216 1380 1273 ἔργον
1411 1219 1540 1260 τοῦτο
1561 1213 1796 1274 ἠγάπησαν

133 1288 174 1332 οἱ
198 1287 354 1342 Σύροι·
386 1289 588 1330 ποθοῦσι
617 1286 700 1342 γὰρ
732 1283 881 1337 αὐτοῖς
913 1282 1203 1344 ἀπηλλάχθαι
1232 1288 1310 1328 τοῦ
1338 1287 1573 1342 λῃστηρίου
1604 1283 1682 1341 τὴν
1709 1283 1794 1338 χώ-

134 1374 214 1412 ραν
246 1355 556 1411 ἑκαθάρεισεν.
625 1349 784 1409 ἷῗμνουν
822 1356 925 1410 γοῦν
966 1349 1098 1397 αὐτὸν
1135 1353 1208 1397 ἐπὶ
1239 1353 1381 1409 τούτῳ
1420 1352 1531 1395 κατά
1570 1369 1617 1395 τε
1646 1352 1795 1406 κώμας

134 1425 206 1467 καὶ
238 1423 348 1466 κατὰ
379 1419 534 1473 πόλεις
573 1420 632 1472 ὠς
672 1421 844 1478 εἰρήνην
876 1418 1024 1471 αὐτοῖς
1055 1420 1362 1478 παρεσχηκότα
1393 1422 1464 1463 καὶ
1498 1416 1676 1478 ἀσφαλῆ
1706 1421 1794 1462 τῶν

135 1491 366 1549 κτημάτων
405 1486 669 1533 ἀπόλαυσιν.
731 1488 896 1544 ἐγένετο
929 1489 975 1531 δὲ
1015 1488 1088 1532 διὰ
1120 1491 1248 1532 τοῦτο
1288 1491 1361 1532 καὶ
1392 1488 1565 1544 Σέξστῳ
1598 1491 1794 1543 Καίσαρι

135 1558 353 1615 γνώριμος
391 1555 486 1602 ὄντι
525 1566 719 1614 συγγενεῖ
758 1559 835 1599 τοῦ
873 1556 1064 1612 μεγάλου
1101 1561 1330 1612 Καίσαρος
1367 1557 1438 1599 καὶ
1481 1556 1682 1598 διέποντι
1720 1554 1799 1611 τὴν

136 1630 312 1682 Συρίαν.
381 1625 507 1683 ζῆλος
544 1620 583 1667 δ’
620 1623 835 1679 ἐμπίπτει
872 1627 960 1666 τῶν
991 1622 1160 1681 ἹΙρώδῃ
1207 1627 1531 1680 πεπραγμένων
1573 1622 1798 1680 Φασαήλῳ

135 1696 200 1750 τιιῦ
223 1690 416 1751 ἀδελφῷ,
447 1695 520 1736 καὶ
551 1691 666 1748 πρὸς
695 1691 774 1748 τὴν
797 1687 1075 1749 εὐδοκίμησιν
1107 1691 1242 1735 αὐτοῦ
1266 1693 1466 1749 κινηθεὶς
1497 1690 1798 1747 ἐφιλοτιμεῖτο

136 1760 194 1818 μὴ
229 1756 567 1818 ἀπολειφθῆναι
606 1762 682 1817 τῆς
712 1757 872 1814 ὁμοίας
903 1755 1139 1817 εὐφημίας,
1183 1762 1253 1803 καὶ
1285 1759 1388 1811 τοὺς
1419 1760 1462 1803 ἐν
1493 1768 1586 1809 τοῖς
1612 1756 1800 1816 Ἱεροσο-

255 1909 273 1949 ,Q
300 1911 361 1942 157
388 1925 429 1936 =
456 1906 534 1941 bell.
561 1906 637 1940 lud.
664 1906 678 1938 I
705 1909 779 1939 202.

253 2030 615 2066 PFLAMVWELat
628 2030 789 2065 Zonaras
814 2030 831 2064 I
855 2041 888 2074 p.
916 2033 980 2064 405
1006 2030 1085 2065 Exc
1104 2031 1258 2066 Peiresc.

254 2090 272 2122 3
298 2085 409 2124 *ἀντὶ
433 2086 556 2121 AMW
638 2090 656 2120 5
683 2086 842 2129 *wind
866 2087 889 2121 i.
915 2097 1024 2130 marg.
1049 2086 1115 2133 xss'
1140 2087 1203 2121 FL
1279 2089 1459 2129 καθίστα]
1484 2088 1561 2123 Zon
1584 2084 1750 2124 καθιστά
1775 2087 1804 2122 Ρ

139 2146 305 2181 καθιστᾶ
330 2144 360 2178 Ε
383 2145 548 2179 καθίστα
574 2138 621 2178 δι’
640 2141 775 2179 ἑαυτοῦ
799 2143 827 2176 F
830 2142 1017 2177 LAMVW
1087 2146 1106 2177 6
1131 2144 1154 2178 i.
1172 2154 1282 2188 marg.
1306 2144 1384 2178 XX
1394 2144 1464 2179 Lat
1489 2143 1538 2188 ιζ’
1557 2145 1588 2178 Ε
1659 2139 1708 2186 δ’]
1734 2154 1803 2179 om.

139 2200 168 2236 P
193 2201 231 2238 δὲ
254 2200 286 2234 Ε
356 2199 516 2244 *νωθῆν
539 2198 632 2233 PFL
724 2199 805 2243 μὲν]
830 2198 899 2242 μὲν
924 2192 992 2235 οὖν
1014 2199 1042 2234 Ρ
1114 2204 1131 2235 ἰ’
1158 2202 1274 2243 *τῶν]
1301 2196 1417 2237 αὐτοῦ
1441 2203 1518 2236 τῶν
1538 2200 1760 2236 FLAMVW

141 2255 437 2302 ἶεροσολυμιτῶν
455 2256 485 2290 Ε
568 2258 586 2289 8
613 2251 763 2296 *αὖτὸν,
788 2250 834 2291 αὖ
850 2255 872 2289 i.
891 2265 961 2289 ras.
981 2255 1012 2288 V
1092 2254 1300 2302 ἐπέτρεπεν
1316 2257 1344 2290 Ρ
1362 2253 1597 2303 α’νεπέτρεψε
1613 2256 1643 2290 F
1659 2255 1804 2302 ἐπιτρέ-

141 2325 203 2350 πει
227 2312 258 2347 Ε
351 2316 371 2348 9
396 2309 667 2348 *παντάπασιν
693 2308 774 2347 ὄντι
800 2310 871 2347 νέω
895 2316 938 2345 tr.
962 2311 992 2344 F
995 2311 1148 2346 LAMW
1252 2314 1523 2350 πεντεκαίδεκα
1547 2313 1655 2358 incip.
1680 2313 1760 2347 Exc

141 2368 453 2413 *πεντεκαίδεκα]
485 2365 539 2404 κε’
574 2368 806 2402 Casaubonus
952 2365 1064 2415 *γὰρ]
1096 2365 1170 2416 γὰρ
1204 2365 1306 2406 αὐτῶ
1338 2366 1455 2411 (αὑτῶ
1481 2372 1566 2415 post
1597 2366 1659 2412 ἔτη
1690 2371 1734 2403 tr.
1760 2368 1804 2410 E)

143 2423 396 2460 FLAMVWE
407 2425 482 2459 Exc
573 2417 697 2468 μόνον
721 2423 1026 2458 FLAMWEExc
1049 2424 1132 2460 fort.
1151 2428 1249 2460 recte
1349 2430 1383 2460 10
1408 2423 1502 2468 *03¹2ss
1529 2419 1583 2461 ὦν
1599 2426 1628 2459 L
1721 2426 1806 2461 *τῶ

144 2476 203 2523 (τὸ
227 2480 271 2522 L)
295 2477 508 2528 φρονήματι
533 2480 629 2515 FLV
702 2483 737 2515 11
765 2477 976 2526 *ἐπίδειξην
992 2479 1071 2514 Exc
1146 2484 1183 2518 12
1209 2478 1455 2529 *ἅρχιλιστὴν
1478 2481 1556 2517 Exc
1634 2484 1674 2517 13
1700 2482 1804 2517 *συλ-

144 2532 287 2583 λαβών]
313 2534 512 2584 συνλαβὼν
536 2539 567 2571 Α
591 2532 795 2582 κατασχὼν
818 2536 850 2571 V
937 2539 978 2571 14
1002 2532 1064 2572 *δ’
1088 2537 1243 2572 AMVW
1330 2541 1444 2574 τοῦτο
1470 2536 1515 2575 τὸ
1542 2535 1599 2579 (τὸ
1626 2548 1693 2573 om.
1712 2537 1805 2579 Exc)

145 2587 260 2639 ἔργον
281 2599 325 2628 tr.
350 2593 467 2628 EExc
586 2596 624 2626 15
650 2587 868 2638 α’πηλάχθαι
892 2592 970 2626 Exc
1081 2596 1120 2628 16
1145 2592 1396 2641 ἕκαθέρευσεν
1421 2595 1448 2628 Ρ
1473 2592 1703 2641 ἐκαθάρισεν
1727 2594 1806 2630 Exc

145 2647 308 2698 Bekker*
358 2649 440 2691 *τε]
465 2646 539 2685 τὰσ
562 2648 728 2689 LAMW,
753 2659 821 2683 om.
840 2647 871 2682 V
941 2645 1082 2692 κώμας]
1107 2649 1236 2694 κόμασ
1259 2651 1289 2684 L
1313 2648 1446 2697 χώραν
1470 2651 1547 2685 Exc
1569 2648 1704 2696 χώρασ
1727 2650 1760 2684 Ε

147 2700 244 2740 κατὰ
269 2714 337 2739 om.
363 2705 396 2740 V
513 2708 551 2739 17
578 2701 690 2740 πόλιν
713 2703 932 2738 FLAMWE
1048 2702 1234 2751 *εἰρήνην,
1259 2705 1290 2742 εἷ
1315 2707 1337 2740 i.
1354 2716 1425 2741 ras.
1443 2706 1476 2740 A
1591 2708 1807 2753 *παρεσχη-

147 2761 252 2796 κῶτα
275 2760 354 2795 Exc
433 2764 473 2796 18
499 2761 646 2797 σε’κστω
671 2761 767 2795 FLA
792 2760 909 2803 σέξτω
933 2761 999 2795 VE
1009 2761 1088 2796 Exc
1112 2765 1291 2808 σεβαστιῦ
1314 2762 1361 2795 W
1443 2766 1482 2797 19
1507 2765 1693 2809 *συγγενῆ
1715 2762 1764 2797 W

148 2815 380 2862 *Καίσαρος]
403 2815 602 2864 γῦώριμὸσ
626 2818 655 2852 L
776 2813 872 2862 *τὴν
897 2818 1055 2862 Συρίαν]
1080 2815 1126 2854 τὰ
1151 2821 1220 2864 τῆσ
1245 2820 1379 2864 συριάσ
1403 2819 1586 2853 FLAMW
1703 2822 1745 2854 20
1770 2820 1809 2857 δὲ

149 2869 366 2906 FLAMWE
376 2873 453 2908 Exe
556 2873 725 2910 ἐνπίπτει
749 2873 776 2907 Ρ
801 2871 970 2909 ἐκπίπτει
996 2873 1026 2906 Ε
1135 2876 1173 2908 21
1202 2870 1476 2921 *εὐδοκήμησιν
1498 2875 1526 2909 Ρ
1619 2873 1808 2921 *ἐφιλοτι-

151 2924 298 2973 μήσατο
322 2929 435 2974 (·τημτ
450 2929 495 2969 Α)
514 2929 732 2965 FLAMVW
803 2932 844 2964 22
870 2926 947 2975 *μὴ
960 2949 968 2955 -
990 2925 1278 2976 ἀπολειφθῆναι,
1301 2944 1328 2975 μ
1346 2941 1388 2966 ex
1405 2934 1436 2973 λ,
1455 2926 1478 2967 οἷ
1497 2941 1540 2965 ex
1556 2934 1576 2967 λ
1592 2935 1656 2966 aut
1673 2945 1695 2977 ρ
1713 2942 1806 2967 corr.

151 2982 183 3016 L
275 2978 592 3030 *ἅπολειφθεῖναι
616 2986 658 3020 W
754 2991 835 3028 τοῖς
857 2995 926 3020 om.
952 2985 983 3019 E

1828 679 1904 718 153

1827 883 1905 921 159

1830 1220 1908 1260 160

1832 1623 1907 1662 161
