2107 3377
319 195 400 235 150
763 195 926 240 ANTIQ.
951 194 1047 231 IUD.
1072 195 1171 230 XIII.
1218 194 1542 230 ARGUMENTA.

430 310 488 361 ὡς
525 308 706 364 Τρυᾳων
747 309 770 352 ὁ
805 308 1004 361 Ἀπαμεῖς
1043 307 1393 363 καταπολεμησας
1423 307 1664 375 Δημήτριον
1697 307 1909 378 Ἀντιόχῳ
1921 315 1984 377 τῷ

315 367 593 437 Ἀλεξάνδρου
640 370 722 409 υἱῶ
761 369 1006 420 παρέδωκεν
1045 365 1122 421 τὴν
1160 371 1379 418 βασιλείαν
1417 363 1702 419 ποιησάμενος
1747 369 1816 407 καὶ
1855 364 1984 417 αὐτὸς
2021 376 2027 382 ·

317 438 540 477 συμμαχον
573 412 789 477 Ἰωνάθην.

432 480 489 532 ὡς
519 482 762 534 Δημητρίου
806 476 892 522 ὗπὸ
922 477 1114 533 Πάρθων
1154 476 1426 532 αἰχμαλώτου
1467 480 1708 531 ληφθέντος
1746 476 1985 532 παρεσπόν-
2037 480 2044 485 ’

317 541 441 592 δησεν
471 536 549 579 τὸν
583 536 789 590 Ἰωνάθην
819 541 889 578 καὶ
921 534 1035 593 δόλῳ
1065 535 1212 587 λαβὼν
1253 534 1386 577 αυτὸν
1418 534 1664 577 α’πέκτεινεν
1693 538 1765 576 καὶ
1795 533 1986 586 πόλεμον

317 593 537 649 ἐξήνεγκεν
567 592 675 647 πρὸς
704 592 782 635 τὸν
813 591 999 645 α’δελςιὸν
1031 592 1165 635 αὐτοῦ
1193 597 1381 642 Σίμωνα

432 650 490 700 ὡς
511 655 678 701 Σίμωνι
699 656 762 719 τῴ
783 649 881 692 α’δε2
885 656 955 706 φῴ
976 649 1112 692 αὐτοῦ
1143 667 1219 703 την
1242 653 1499 702 στρατηγίαν
1520 649 1767 701 ἐνεχείρισεν
1787 645 1838 689 τὸ
1859 647 1986 700 ἔθνος

315 712 387 751 καὶ
418 707 632 758 ἀπέδειξεν
663 705 798 749 αυτὸν
829 707 1029 760 αρχιερέα.

432 763 490 814 ὡς
521 762 828 817 ἐπολιόρκησεν
869 765 914 805 ἐν
946 761 1112 817 Δώροις
1147 760 1358 815 Τρυᾳωνα
1390 772 1607 812 συμμαχος
1646 758 1872 812 γενόμενος
1904 759 1988 803 Ἀν-

315 820 445 877 τιόχῳ
475 826 538 876 τῷ
568 822 810 874 Δημητρίου
842 820 1014 875 α’δελᾳῶ
1043 825 1105 861 τῶ
1136 823 1206 860 καὶ
1237 818 1418 869 Ευσεβεῖ
1445 818 1726 870 ἐπικληθέντι.

443 876 502 927 ὡς
537 876 770 931 Τρύφωνος
801 876 1103 930 αναιρεθέντος
1125 875 1334 927 Ἀντίοχος
1365 876 1593 927 επολέιιηυ
1586 890 1622 915 ν
1643 878 1821 924 Σίμωνα
1851 872 1988 916 κάκεῖ-

316 951 393 985 νος
422 937 679 985 Κενδεβαῖον
711 933 788 976 τὸν
820 933 1058 987 στρατηγὸν
1090 931 1228 974 αυτοῦ
1256 944 1432 985 νικησας
1453 937 1526 984 τῆς
1551 929 1758 980 Ἰουδαίας
1779 931 1985 982 ἐξέβαλεν.

431 988 497 1032 ὅτι
536 989 622 1033 υπὸ
661 996 742 1033 τοῦ
780 996 976 1043 γαμβροῦ
1014 993 1283 1039 Πτο2εμαίον
1325 990 1370 1030 ἐν
1411 991 1635 1043 συμποσίῳ
1677 990 1989 1041 δολοφονηθεὶς

318 1047 546 1100 απέθανεν,
588 1052 659 1089 καὶ
695 1053 960 1098 Πτο2ειιαῖος
1000 1045 1126 1100 δήσας
1168 1044 1305 1087 αυτοῦ
1340 1043 1417 1098 την
1458 1054 1642 1097 γυναῖκα
1679 1048 1750 1086 καὶ
1779 1043 1832 1086 τὰ
1861 1046 1988 1086 τέκνα

317 1103 393 1158 την
426 1103 558 1157 ιῖρχην
590 1102 720 1154 αυτὸς
750 1105 1011 1157 ἐπεχείρησεν
1043 1111 1277 1154 κατασχεῖν.

433 1161 491 1211 ὡς
530 1178 553 1203 ο
585 1160 798 1211 νεώτατος
837 1166 926 1202 τῶν
957 1165 1158 1210 Σίμωνος
1189 1162 1298 1200 υἱῶν
1321 1155 1523 1211 ἵρκανὸς
1553 1155 1724 1209 φθάσας
1755 1155 1888 1200 αὐτὸν
1919 1161 1990 1199 καὶ

316 1235 394 1271 τηι
423 1217 653 1272 ηγεμονίαν
685 1215 951 1270 παραλαβὼν
973 1213 1279 1283 ἐπολιόρκησεν
1300 1213 1378 1256 τὸν
1399 1219 1669 1264 Πτολεμαῖον
1699 1215 1757 1265 είς
1787 1231 1826 1256 τι
1856 1211 1990 1268 φρού-

317 1291 414 1329 ριον
444 1276 659 1326 ἐγκλείσας
689 1272 842 1325 Δαγὼν
873 1272 1155 1323 καλουμεν.ον

431 1330 489 1381 ὡς
520 1329 885 1384 στρατευσάμενος
917 1332 983 1372 επὶ
997 1327 1202 1383 Ὑρκανὸν
1224 1327 1433 1380 Ἀντίοχος
1465 1325 1488 1369 ὃ
1518 1325 1784 1378 καλούμενος
1803 1325 1990 1382 Ευσεβὴς

316 1392 387 1430 καὶ
418 1392 714 1441 προσκαθίσας
735 1393 786 1440 τῆ
806 1393 894 1429 τῶν
909 1386 1260 1451 Ιεροσολυμιτῶν
1292 1382 1413 1427 πόλει
1445 1386 1608 1426 διέλυσε
1636 1401 1713 1438 την
1735 1388 1991 1438 πολιορκίαν

316 1443 464 1518 λαβὼν
494 1443 610 1498 παρὰ
632 1443 842 1498 Ὺρκαιοῦ
870 1443 948 1486 τά2
953 1460 1060 1486 αντα
1090 1440 1316 1496 τριακόσια
1345 1445 1414 1483 καὶ
1447 1445 1686 1494 συμιιαχίαν
1717 1439 1826 1495 πρὸς
1856 1439 1990 1484 αὐτὸν

316 1506 386 1544 καὶ
417 1506 565 1553 φιλίαν
597 1503 869 1552 συνθέμενος.

423 1557 631 1612 ἵρκανοῦ
663 1563 858 1612 στρατεία
893 1573 998 1608 μετα
1035 1573 1111 1610 την
1144 1553 1358 1608 Ἀντιόχου
1389 1553 1589 1608 τελευτην
1620 1555 1665 1596 ἐν
1694 1552 1855 1617 Μήδοις
1886 1571 1991 1598 απο-

315 1613 533 1666 θανόντος
564 1617 632 1657 ἐπὶ
662 1620 828 1668 Συρίαν
859 1619 929 1656 καὶ
966 1612 1024 1664 ὡς
1055 1611 1218 1663 πολλας
1248 1611 1394 1662 πόλεις
1423 1628 1531 1653 κατα
1561 1609 1719 1665 κράτος
1750 1611 1871 1655 εἷλεν.

431 1678 551 1724 φιλία
583 1670 691 1726 πρὸς
715 1670 922 1725 Ὑρκανὸν
954 1669 1232 1723 Ἆ2εξαιδρου
1263 1675 1343 1712 τοῦ
1374 1674 1532 1720 Ζαβίνα
1562 1670 1808 1722 κληθέντος.

320 1785 330 1800 ,
431 1728 490 1780 ὡς
527 1729 722 1784 ηττηθεὶς
761 1727 844 1781 ’ἶς’
867 1727 1076 1781 Ὑρκανοῦ
1107 1726 1317 1779 Αντιόχος
1356 1725 1379 1768 ὃ
1411 1723 1647 1779 Κτζικηιὸς
1687 1726 1877 1776 ἐξέπεσεν
1917 1731 1991 1777 τ7”ς

325 1790 533 1837 Ιουδαίας.

431 1953 681 1989 PFLAMVW
693 1953 762 1988 Lat

435 2014 450 2046 1
477 2011 744 2057 παραδέδωκεν
769 2011 796 2045 P
891 2013 910 2044 4
937 2006 998 2052 ὡς]
1025 2008 1327 2055 quemadmodum
1352 2007 1480 2053 tryfon
1499 2006 1569 2041 Lat
1662 2005 1891 2053 λειφθέντοσ
1914 2005 1944 2041 L

318 2071 336 2102 7
363 2066 599 2114 ἐνεχείρησεν
624 2067 752 2103 PA¹W
846 2064 890 2103 τὸ
917 2063 1031 2109 ἔθνος
1055 2077 1122 2102 om.
1148 2065 1195 2099 W
1295 2067 1315 2099 8
1339 2066 1403 2100 καὶ
1428 2059 1620 2107 α’πέδειξεν
1644 2083 1689 2089 —-
1715 2058 1896 2110 ἀρχιερέα
1920 2072 1989 2099 om.
2016 2079 2018 2082 ·

317 2123 388 2160 Lat
482 2128 502 2160 9
527 2122 792 2171 ἐπολιόρκισεν
815 2123 895 2158 LW
991 2126 1030 2158 10
1057 2125 1111 2171 τῷ
1136 2132 1203 2158 om.
1221 2119 1344 2155 AMW
1435 2122 1499 2157 καὶ
1524 2124 1663 2157 τοῦτον
1687 2117 1820 2167 λαβὼν
1844 2115 1990 2157 ἀνεῖλεν

318 2184 401 2227 post
424 2179 661 2227 ἐπικληθέντι
699 2179 780 2215 add.
807 2179 834 2214 P
983 2183 1019 2215 11
1047 2175 1248 2225 Ἀντίοχος]
1283 2174 1467 2223 α’ντίοχον
1490 2177 1523 2212 V
1555 2172 1736 2223 οἷντίοχον
1766 2174 1990 2222 παράσπον·

319 2236 484 2283 δήσαντα
510 2237 539 2271 L
657 2238 778 2281 σίμων
801 2236 897 2272 PLV
1012 2232 1200 2277 κιῖκεῖνος]
1226 2236 1289 2271 καὶ
1313 2233 1514 2269 PFLVLat
1634 2236 1671 2268 12
1696 2231 1851 2281 ἐξέβαλε
1875 2232 1922 2267 W

322 2298 361 2330 13
387 2293 440 2337 ἐν]
465 2296 588 2339 σίμων
611 2292 652 2330 ἐν
676 2293 706 2327 L
826 2296 867 2327 14
891 2289 1097 2334 ᾰπέθανεν]
1122 2293 1238 2327 simon
1258 2295 1471 2337 peremptus
1495 2295 1548 2326 est
1571 2291 1642 2326 Lat
1770 2293 1847 2332 καὶ]
1874 2283 1934 2327 δ’τι
1957 2288 1990 2325 V

317 2362 451 2387 nouum
477 2362 554 2397 cap.
580 2350 756 2395 incipiens
874 2353 914 2384 16
942 2351 1118 2393 Σίμωνος
1143 2359 1211 2384 om.
1232 2348 1257 2382 P
1363 2344 1492 2390 αὐτὸν]
1519 2343 1639 2384 αὐτὸσ
1662 2346 1693 2382 L
1788 2350 1826 2383 17
1852 2342 1988 2394 ἦγεμο·

318 2409 425 2444 νείαν
449 2408 476 2442 Ρ
547 2404 628 2449 τὸν]
655 2409 785 2443 πολλῶ
807 2403 938 2452 χρόνω
964 2404 1033 2442 τὸν
1058 2404 1276 2439 FLAMVW
1347 2409 1393 2447 τι]
1420 2402 1464 2441 τὸ
1490 2405 1552 2439 FL
1625 2407 1666 2440 18
1691 2400 1841 2451 Δαγὼν]
1865 2405 1990 2450 δαγῶν

317 2464 384 2499 FA
408 2461 534 2511 δάγων
557 2464 587 2499 L
613 2460 739 2510 δαγών
763 2457 889 2500 οὕτωσ
914 2462 941 2497 P
1069 2465 1108 2496 19
1133 2460 1206 2504 ἐπὶ]
1230 2456 1294 2507 ἐφ’
1319 2460 1541 2497 FLAMVW
1662 2454 1897 2505 καλούμενος
1920 2469 1988 2495 om.

318 2520 540 2556 FLAMVW
611 2523 653 2555 ‘20
678 2523 741 2557 καὶ
765 2520 1034 2566 προσκαθίσας
1054 2539 1095 2544 -
1118 2519 1358 2565 πολιορκίαν]
1384 2523 1506 2554 castra
1530 2517 1640 2553 soluit
1664 2518 1736 2554 Lat
1804 2517 1988 2565 προκαθί-

318 2590 393 2613 σασ
410 2577 472 2611 FL
542 2578 779 2623 πολνορκίαν
800 2577 829 2611 L
901 2579 938 2611 21
970 2572 1137 2612 τάλαντα
1163 2573 1375 2622 τριακόσια]
1395 2572 1562 2611 τάλαντα
1580 2572 1616 2611 τ’
1634 2574 1700 2610 LV
1725 2571 1841 2620 ὁλκήν
1857 2570 1989 2611 ταλάν-

318 2647 396 2670 των
412 2636 643 2680 τριακοσίων
661 2634 688 2669 Ρ
759 2636 801 2669 22
819 2634 960 2679 φιλίαν]
979 2633 1108 2679 (χιλίαν
1125 2629 1296 2677 ποιήσειν
1312 2631 1340 2666 Ρ
1411 2633 1454 2665 23
1472 2629 1631 2677 στρατιὰ
1649 2631 1835 2666 PLAMW
1896 2626 1988 2668 ἄπο·

319 2688 522 2733 θανόντος]
542 2687 822 2728 ἁποθανόντοσ
839 2686 955 2727 αὐτοῦ
973 2689 999 2723 Ρ
1078 2692 1121 2723 24
1146 2685 1254 2730 εἶλεν]
1280 2686 1543 2735 πολιορκήσασ
1568 2684 1666 2725 εἷλεν
1681 2690 1745 2725 καὶ
1761 2684 1989 2735 ἱποφόρουσ

318 2747 549 2794 κατέστησεν
574 2747 601 2782 Ρ
702 2751 743 2782 25
763 2743 960 2792 Ὑρκανὸν]
985 2742 1154 2793 ὑρκανὸν
1176 2747 1239 2781 καὶ
1264 2743 1486 2781 ἐνδιάθετοσ
1511 2747 1653 2791 στοργῆ
1678 2744 1706 2779 Ρ
1800 2741 1936 2792 ζᾰβινα
1960 2742 1988 2779 P

320 2805 479 2850 ζαβιννα
505 2807 581 2843 4-νᾶ
605 2804 682 2847 FV)
709 2804 805 2839 FLV
830 2803 966 2850 ζαβινα
993 2806 1068 2844 (mci
1093 2803 1144 2845 M)
1169 2801 1241 2836 AM
1267 2803 1412 2847 ζαμηνᾶ
1433 2801 1478 2835 W
1505 2800 1683 2836 zabiunae
1707 2801 1778 2836 Lat
1870 2803 1913 2836 26
1937 2797 1988 2844 ὦς

320 2880 362 2885 -
398 2864 437 2895 2ῖ
472 2857 662 2906 Ἰουδαίας]
697 2857 748 2903 ὠς
782 2856 966 2907 α’ντίοχοσ
999 2857 1019 2896 ὁ
1053 2855 1253 2905 κτζικηνὸσ
1285 2854 1410 2894 ἐλθών
1437 2860 1626 2905 βοηθῆσαι
1662 2863 1747 2894 τοῖσ
1779 2859 1986 2903 σαμαρεῦσι

320 2917 664 2962 πολιορκουμένοισ
689 2914 793 2964 πρὸσ
817 2914 935 2963 (παρὰ
961 2916 1006 2959 F)
1032 2913 1196 2963 ἱρκανοῦ
1221 2911 1399 2962 ἦττηθεῖσ
1423 2914 1569 2960 διέφυγε
1595 2911 1810 2958 διωξάντων
1833 2909 1986 2956 (medv-

321 2986 399 3010 των
423 2973 467 3015 L)
493 2970 610 3010 αὐτὸν
635 2970 750 3015 (αὖτιῦ
774 2972 820 3016 F)
844 2976 915 3020 τῆσ
939 2974 1110 3010 ιὀυδαίασ
1136 2975 1213 3009 τῶν
1236 2972 1328 3009 υἱῶν
1350 2967 1516 3018 ὓρκανοῖν
1541 2970 1638 3006 FLV
1753 2965 1834 3016 ὑφ’]
1860 2965 1933 3007 ὑπὸ
1958 2965 1986 3003 P
