2107 3377
206 441 288 483 329

205 713 287 754 330

205 1048 282 1089 331

204 1184 285 1225 332

204 1388 285 1428 333

201 1659 282 1700 334

321 189 401 227 300
753 190 916 235 ANTIQ.
939 190 1037 227 Im).
1062 191 1148 228 xlv
1171 194 1352 228 328—334
1375 194 1462 235 (xm.
1476 198 1505 225 2.
1521 194 1553 235 a)

319 302 658 359 παρεκελεύετο,
708 305 839 359 συνῆν
880 299 922 346 δ’
957 299 1107 356 αὐτοῖς
1143 308 1218 350 καὶ
1251 303 1475 362 Ὑρκανός,
1522 302 1583 356 (ὃς
1619 306 1810 362 μεγάλου
1848 310 1983 351 κακοῦ

320 370 360 414 εἰ
389 372 660 427 προέλθοιεν
691 370 755 422 εἷς
785 372 1058 428 φιλονεικίαν
1090 372 1312 428 ἐσομένου.
1369 375 1443 416 καὶ
1466 373 1608 428 οἱμὲν
1631 369 1706 417 οὗκ
1727 373 1981 419 ἐπείθοντο.

319 440 588 494 παραχρῆμα
610 434 652 481 δ’
680 437 969 494 ἐκδραμόντες
986 436 1193 494 Ῥωμαῖοι
1214 440 1291 484 ‹rc-v
1313 440 1589 497 ἐγχειριδίοις
1607 440 1710 492 τοὺς
1729 442 1809 496 μὲν
1838 437 1983 486 αὐτῶν

320 501 603 559 ἀπέκτειναν,
635 507 818 557 πλείους
849 506 896 549 δὲ
924 510 1216 563 κατέτρωσαν,
1250 509 1293 552 οἱ
1324 509 1370 552 δὲ
1401 510 1555 552 λοιποὶ
1588 508 1878 566 διαφυγόντες
1902 506 1978 554 ἐπ’

319 573 440 616 οἴκου
471 571 697 630 ἡσύχαζον.
756 576 835 616 τοῦ
866 574 913 617 δὲ
944 574 1083 633 δήμου
1113 579 1420 632 καταβοῶντος
1446 574 1643 633 Ἡρώδου
1683 577 1984 634 παροξυνθεὶς

316 637 550 692 Ἀντώνιος
579 641 681 692 τοὺς
713 641 968 696 δεδεμένους
999 638 1266 688 ἀπέκτεινεν.

433 713 470 752 3.
502 712 708 766 Δευτέρῳ
748 705 790 752 δ’
817 709 905 754 ἔτει
935 715 1099 767 Συρίαν
1139 716 1349 766 κατέσχον
1380 710 1587 766 Πάκορός
1625 727 1674 754 τε
1708 709 1730 755 ὁ
1760 713 1983 767 βασιλέως

317 785 426 827 παῖς
456 779 529 819 καὶ
552 777 849 836 Βαζαφράνης
880 778 1113 836 σατράπης
1135 773 1194 822 ὢν
1216 779 1434 835 Πάρθων.
1483 781 1666 837 τελευτᾷ
1697 779 1744 822 δὲ
1764 782 1838 824 καὶ
1859 784 1983 824 Πτο-

317 845 498 899 λεμαῖος
528 843 550 887 ὁ
577 849 808 888 Μενναίου
838 848 912 890 καὶ
942 846 1020 905 τὴν
1053 843 1185 903 ἀρχὴν
1215 845 1238 891 ὁ
1272 856 1381 897 παῖς
1412 843 1547 890 αὐτοῦ
1567 851 1803 898 Λυσανίας
1832 865 1983 906 παρα-

318 911 464 967 λαβών
505 912 829 968 διαπράττεται
877 916 1033 972 φιλίαν
1072 914 1188 971 πρὸς
1221 910 1472 971 Ἀντίγονον
1510 914 1587 957 τὸν
1626 910 1981 971 Ἀριστοβούλου,

317 979 432 1035 πρὸς
470 983 598 1024 τοῦτο
635 980 850 1038 χρήσιμον
889 981 967 1025 τὸν
1005 982 1239 1039 σατράπην
1278 980 1552 1038 παραλαβών
1583 985 1693 1039 μέγα
1723 979 1834 1038 παρ’
1863 980 1983 1041 αὐτῷ

318 1048 571 1103 δυνάμενον.
630 1045 880 1104 Ἀντίγονος
911 1045 952 1092 δ’
978 1047 1234 1103 ὗπισχνεῖτο
1269 1051 1393 1104 χίλια
1431 1045 1628 1092 τάλαντα
1662 1052 1735 1093 καὶ
1766 1067 1983 1095 πεντακο-

317 1121 418 1167 σίας
446 1125 653 1172 γυναῖκας
684 1116 842 1159 δώσειν
873 1117 1104 1172 Πάρθοις,
1137 1117 1176 1160 εἰ
1206 1116 1284 1174 τὴν
1316 1113 1450 1173 ἀρχὴν
1475 1114 1681 1173 Ὑρκανὸν
1713 1115 1985 1176 ἀφελόμενοι

316 1183 662 1238 παραδώσουσιν
694 1179 815 1240 αῧτῷ
842 1186 915 1227 καὶ
946 1184 1049 1235 τοὺς
1078 1187 1184 1240 περὶ
1214 1184 1291 1228 τὸν
1317 1182 1517 1241 Ἡρώδην
1549 1180 1758 1228 ἀνέλοιεν.
1816 1182 1865 1230 οὗ
1895 1185 1983 1244 μὴν

317 1250 496 1294 ἔδωκεν·
538 1247 636 1294 ἀλλ’
672 1253 716 1295 οἱ
754 1253 833 1306 μὲν
864 1252 1052 1307 Πάρθοι
1093 1251 1167 1295 διὰ
1205 1248 1328 1295 τοῦτ’
1356 1251 1432 1296 ἐπὶ
1471 1251 1552 1311 τὴν
1577 1248 1794 1296 Ἰουδαίαν
1825 1253 1983 1312 ἐστρά-

314 1335 474 1362 τευσαν
513 1319 776 1376 κατάγοντες
804 1316 1076 1376 Ἀντίγονον,
1115 1319 1320 1376 Πάκορος
1358 1320 1438 1374 μὲν
1470 1320 1544 1364 διὰ
1574 1323 1652 1377 τῆς
1681 1323 1983 1379 παραθαλατ-

314 1392 433 1441 τίου,
466 1385 488 1431 ὁ
523 1388 569 1431 δὲ
601 1388 834 1446 σατράπης
865 1387 1162 1446 Βαζαφράνης
1195 1387 1269 1431 διὰ
1298 1391 1376 1446 τῆς
1406 1392 1652 1444 μεσογείου.
1718 1389 1873 1445 Τύριοι
1901 1389 1983 1445 μὲν

315 1446 390 1499 οὖν
431 1451 720 1500 ἀποκλείουσι
750 1456 980 1511 Πάκορον,
1018 1456 1229 1500 Σιδώνιοι
1268 1456 1314 1499 δὲ
1351 1457 1424 1499 καὶ
1455 1457 1733 1511 Πτολεμαεῖς
1763 1455 1981 1508 ἐδέξαντο.

314 1524 411 1581 ἰ’λην
442 1527 596 1579 μέντοι
631 1525 838 1580 Πάκορος
879 1524 1056 1567 ἵππειον
1093 1523 1156 1574 εἰς
1192 1524 1271 1582 τὴν
1304 1520 1521 1568 Ἰουδαίαν
1561 1523 1809 1581 ἐξέπεμψεν
1845 1542 1982 1568 κατα-

314 1596 592 1650 σκεψομένην
630 1609 678 1635 τε
716 1591 771 1634 τὰ
810 1591 921 1635 κατὰ
961 1590 1039 1648 τὴν
1074 1591 1221 1648 χώραν
1251 1593 1324 1635 καὶ
1354 1587 1590 1649 Ἀντιγόνῳ
1623 1592 1981 1649 συμπράξουσαν,

313 1658 505 1717 ἡγεμόνα
534 1676 583 1703 τε
613 1657 847 1715 ὁμώνυμον
876 1662 955 1703 τοῦ
974 1661 1193 1714 ΙΒασιλέως
1217 1659 1428 1714 οἰνοχόον.
1480 1659 1526 1703 ἐκ
1557 1660 1604 1704 δὲ
1624 1663 1712 1704 τῶν
1732 1662 1835 1715 περὶ
1857 1660 1981 1716 Κάρ-

311 1730 451 1785 μηλον
472 1727 521 1770 τὸ
546 1725 649 1785 ὅρος
663 1724 890 1772 Ἰουδαίων
912 1727 1026 1783 πρὸς
1047 1723 1296 1783 Ἀντίγονον
1320 1726 1546 1770 ἐλθόντων
1571 1729 1646 1771 καὶ
1677 1729 1980 1782 συνεισβαλεῖν

426 1844 445 1883 ξ
473 1843 536 1876 328
562 1858 606 1869 =
630 1841 712 1876 bell.
738 1841 816 1876 Iud.
837 1841 855 1875 I
880 1843 957 1875 246.

422 1942 789 1978 PFLAMVWELat
800 1942 961 1977 Zonaras
986 1941 1002 1975 I
1026 1952 1060 1986 p.
1087 1944 1147 1975 411
1176 1940 1326 1976 Photius
1350 1940 1435 1975 bibl.
1462 1952 1496 1985 p.
1525 1943 1601 1976 315.

426 2002 443 2034 1
470 1999 506 2035 δὲ
524 1998 777 2033 FLAMVWE
846 1994 1013 2040 *αὐτοῖς-1
1032 1993 1135 2046 αὗτῷ
1150 2007 1194 2032 ex
1211 1997 1291 2032 bell.
1311 1997 1387 2032 Iud.
1406 1996 1590 2032 Lowthius
1662 2000 1680 2032 2
1698 1999 1979 2043 *φιλονεικεῖαν

310 2055 338 2090 Ρ
410 2058 428 2090 3
455 2051 489 2091 δ’
514 2053 779 2100 ἐκδραμόντες]
798 2055 834 2092 δὲ
853 2049 1067 2101 δραμόντεσ
1083 2054 1111 2088 Ρ
1129 2054 1166 2090 δὲ
1183 2048 1443 2101 ἐκδραμόντεσ
1466 2053 1722 2089 FLAMVWE
1787 2052 1976 2099 Ῥωμαῖοι]

309 2112 469 2148 ἰουδαῖοι
494 2112 527 2146 V
552 2112 587 2148 οἳ
612 2111 777 2156 ῥωμαῖοι
803 2110 835 2145 Ε
950 2109 1181 2157 *ἐγχωρίοισ
1204 2110 1235 2143 V
1375 2114 1395 2144 4
1420 2111 1614 2153 *πλειόι’ς]
1638 2109 1768 2147 ἐνίουσ
1790 2110 1978 2148 FLAMW

309 2169 441 2203 multos
464 2169 535 2203 Lat
641 2172 658 2201 5
685 2167 804 2210 οἴκου]
831 2165 964 2204 οἷ’κουσ
989 2167 1016 2202 Ρ
1042 2165 1149 2203 οἴκου
1173 2166 1285 2209 (οἴκοι
1311 2167 1370 2209 W)
1396 2170 1583 2214 περιδεεῖσ
1606 2166 1933 2204 FLAMVWELat

308 2227 600 2272 *παρωξυνθεὶσ
623 2224 671 2259 W
764 2227 781 2258 7
807 2225 829 2258 i.
856 2235 966 2267 marg.
993 2222 1056 2260 λα’
1081 2224 1111 2258 L
1137 2224 1250 2259 XXV
1271 2224 1342 2259 Lat
1435 2225 1472 2260 δὲ
1498 2223 1530 2258 Ε
1623 2220 1690 2270 τὴν
1715 2225 1851 2271 συρίαν
1876 2224 1908 2259 Ε

308 2282 537 2328 *mccc-'oxon
561 2295 633 2318 κατ
658 2291 701 2316 ex
726 2276 779 2317 ιῖπ
805 2291 898 2316 corr.
923 2281 955 2316 V
1064 2284 1082 2316 S
1108 2275 1387 2328 βαρζαφράνησ
1411 2290 1449 2320 ια
1474 2286 1557 2315 ante
1581 2294 1608 2326 φ
1633 2280 1654 2314 i.
1673 2290 1744 2316 ras.
1769 2280 1830 2323 W)
1853 2280 1977 2317 AMW

306 2333 639 2385 βαρζαφαρμάνησ
654 2338 720 2373 FV
732 2332 1065 2385 βαρζαᾳραμάνησ
1080 2337 1111 2372 L
1128 2333 1436 2385 ῥἀζαφαρ,ιιάιήσ
1454 2337 1486 2372 Ε
1504 2336 1653 2371 Photius
1670 2336 1976 2382 barzasramancs

306 2396 377 2431 Lat
470 2390 722 2441 *σαστράττησ
746 2396 778 2428 Α
882 2392 1040 2439 πάρθοσ
1065 2394 1126 2429 PE
1137 2394 1207 2429 Lat
1233 2395 1382 2429 Photius
1484 2397 1503 2428 9
1529 2393 1685 2428 *minaei
1704 2392 1776 2428 Lat
1801 2394 1976 2431 Μεναίου

306 2453 455 2488 Photius
551 2456 591 2488 1⁰
615 2449 912 2497 *διαπράττεται
931 2472 972 2476 -
997 2455 1029 2486 ll
1051 2447 1290 2498 παραλαβὼν
1313 2462 1380 2486 om.
1407 2450 1437 2484 L
1523 2453 1562 2485 12
1588 2447 1823 2494 *δυνάμενος
1849 2451 1930 2486 coni

305 2509 328 2543 i.
348 2520 457 2554 marg.
477 2508 590 2543 XXV
605 2508 674 2542 Lat
747 2508 784 2544 δὲ
803 2507 1023 2543 FLAMWE
1095 2504 1325 2554 ὑπισχνεῖται
1344 2507 1376 2542 Ε
1391 2508 1573 2553 promittit
1589 2506 1660 2541 Lat
1732 2510 1772 2542 14
1791 2502 1976 2544 α’νέλωσιν

305 2565 372 2600 VE
446 2569 485 2601 15
504 2567 616 2602 τοῦτο
635 2564 891 2599 FLAMVWE
962 2569 1043 2609 post
1059 2560 1268 2601 *Ἰουδαίαν
1283 2574 1354 2600 ras.
1370 2567 1389 2599 2
1403 2566 1457 2598 --3
1471 2563 1537 2598 litt.
1553 2563 1586 2596 A
1652 2566 1691 2598 16
1708 2560 1975 2609 *xatayayo'w

307 2635 372 2658 τεσ
384 2622 431 2656 W
502 2619 761 2668 *κατάγοντες
786 2617 1010 2668 Ἀντίγονον]
1028 2621 1224 2656 deducente
1239 2632 1302 2657 eos
1317 2622 1490 2667 antiqono
1509 2620 1579 2654 Lat
1653 2623 1690 2654 17
1710 2617 1973 2666 Βαζαφράνης]

305 2673 583 2725 βαρζαᾳράνησ
599 2678 720 2713 AMW
746 2672 1079 2724 βαρζαφραμάιησ
1097 2678 1125 2712 F
1150 2675 1484 2725 βαρσαφραμάνησ
1500 2676 1530 2710 L
1556 2670 1862 2722 Βαζαφαρμάνης
1879 2675 1972 2711 Pho-

304 2735 377 2770 tius
402 2735 707 2780 barzaframanes
723 2735 805 2774 Lat,
823 2745 891 2770 om.
910 2734 942 2769 V
1013 2737 1248 2781 *μεσογαίου
1265 2733 1292 2768 Ρ
1367 2737 1406 2769 18
1430 2727 1658 2779 *nclxovpor
1675 2732 1721 2766 W
1791 2730 1972 2769 *σιδόνιοι

304 2790 334 2825 F
406 2792 472 2827 *δὲ
498 2802 566 2826 om.
585 2791 615 2825 L
686 2795 910 2836 πτολεμαιοι
929 2790 991 2826 ΡΕ
1065 2795 1104 2827 19
1130 2794 1256 2838 *ειλην
1273 2790 1349 2825 PW
1419 2789 1796 2836 *κατασκαψαμένην
1813 2789 1841 2823 Ρ
1858 2799 1972 2825 uexa-

305 2853 421 2882 turam
447 2848 518 2882 Lat
587 2851 628 2882 20
655 2845 727 2885 *τὰ
754 2859 822 2883 om.
850 2848 895 2880 W
976 2844 1087 2890 κατὰ]
1113 2851 1198 2895 περὶ
1225 2847 1257 2882 Ε
1326 2843 1643 2891 *σὺνπράξοτσαι-
1667 2846 1695 2880 Ρ
1768 2848 1808 2881 21
1836 2848 1904 2883 τοῦ
1929 2865 1970 2871 -

306 2901 498 2949 οἰνοχόον]
521 2905 778 2949 pincernarum
805 2904 902 2950 reqis
926 2915 1035 2938 unum
1061 2904 1134 2939 Lat
1223 2907 1433 2949 *οινοχοου
1451 2903 1478 2937 Ρ
1567 2901 1610 2939 ἐκ
1634 2903 1671 2939 δὲ
1685 2913 1761 2948 sqq.
1788 2904 1970 2948 corrupta,

307 2959 352 2995 cf.
371 2960 452 2995 bell.
472 2960 548 2994 Iud.
571 2963 590 3003 ξ
611 2964 674 2995 250
769 2963 810 2994 22
838 2955 1119 3005 σι’νεισβείλλειν
1143 2960 1172 2995 F
