2107 3377
287 188 374 228 134
767 185 929 230 ANTIQ.
953 185 1050 221 mn.
1075 185 1146 221 ΧΗ
1170 187 1348 221 354-359
1373 186 1432 227 (1x.
1450 187 1479 227 ι)

288 297 400 358 αὐτῇ
429 302 501 344 καὶ
534 300 841 343 παντοδαπῶν
873 295 1178 356 ἀναθημάτων
1205 299 1369 356 πλῆρες
1407 295 1522 341 εἶναι
1553 297 1619 341 ἔτι
1648 314 1696 353 γε
1725 296 1810 356 μὴν
1839 297 1962 342 ὅπλα
2021 307 2055 347 “,

289 372 363 414 καὶ
400 369 634 426 θώρακας,
675 366 702 409 ἃ
743 368 1006 410 καταλιπεῖν
1046 365 1323 410 ἐπυνθάνετο
1364 364 1440 408 τὸν
1479 364 1575 409 υἱὸν
1614 364 1691 408 τὸν
1725 367 1961 410 Φιλίππου

164 440 260 481 355
289 439 478 493 βασιλέα
523 437 570 479 δὲ
609 434 886 478 ΠΙακεδόνων
923 430 1224 487 Ἀλέξανδρον.
1291 435 1492 489 κινηθεὶς
1539 431 1615 476 οὖν
1659 430 1747 476 ὑπὸ
1793 432 1961 476 τούτων

290 501 488 563 ὥρμησεν
520 503 596 547 ἐπὶ
626 503 705 560 τὴν
729 499 968 558 Ἐλυμαΐδα
997 504 1070 546 καὶ
1101 499 1371 558 προσβαλών
1394 496 1527 558 αὐτὴν
1549 499 1815 552 ἐπολιόρκει.
1874 502 1961 544 τῶν

291 569 332 616 δ’
359 572 404 616 ἐν
436 568 546 629 αὐτῇ
575 571 633 629 μὴ
666 573 1036 627 καταπλαγέντων
1067 569 1146 629 τὴν
1177 569 1339 626 ἔφοδον
1363 563 1498 611 αὐτοῦ
1528 567 1640 625 μηδὲ
1669 567 1748 624 τὴν
1777 569 1963 624 πολιορ-

288 645 400 692 κίαν,
433 636 545 682 ἀλλὰ
575 641 796 695 καρτερῶς
828 634 1122 692 ἀντισχόντων
1155 633 1453 691 ἀποκρούεται
1491 639 1566 694 τῆς
1595 635 1801 686 ἐλπίδος·
1834 631 1963 678 ἇπω-

291 709 477 762 σάμενοι
505 705 588 762 γὰρ
621 702 712 750 ἀπὸ
745 709 824 761 τῆς
854 706 1030 756 πόλεως
1059 707 1133 749 καὶ
1165 703 1486 755 ἐπεξελθόντες
1517 703 1716 756 ἐδίωξαν,
1747 698 1856 746 ὥστ’
1884 698 1964 746 αὗ-

289 775 366 819 τὸν
398 774 548 818 ἐλθεῖν
589 774 652 826 εἷς
683 777 930 830 Βαβυλῶνα
970 773 1188 831 φεύγοντα
1226 774 1299 815 καὶ
1341 770 1537 822 πολλοὺς
1569 766 1857 826 ἀποβαλόντα
1885 773 1964 826 τῆς

180 846 261 888 356
293 845 517 898 στρατιᾶς.
578 844 841 899 λυπουμένῳ
874 838 915 885 δ’
943 841 1019 884 ἐπὶ
1039 843 1093 897 τῇ
1116 841 1359 896 διαμαρτίᾳ
1388 839 1523 896 ταύτῃ
1556 839 1964 895 προσαγγέλλουσίν

290 927 407 961 τινες
436 912 510 954 καὶ
540 910 619 968 την
649 913 738 953 τιῦν
769 911 1022 967 στρατηγῶν
1052 904 1201 966 ἧτταν,
1243 907 1318 958 οῖῗς
1361 906 1699 964 πολεμήσοντας
1737 915 1832 957 τοῖς
1856 901 1965 950 Ἰου-

180 983 260 1024 357
294 979 438 1029 δαίοις
468 980 797 1030 καταλελοίπει,
829 981 902 1022 καὶ
932 976 1011 1035 τὴν
1043 975 1164 1030 ἰσχὺν
1195 972 1275 1033 ἤδη
1307 973 1385 1031 τὴν
1415 977 1503 1017 τιῦν
1522 971 1762 1018 Ἰουδαίων.
1821 989 1964 1030 προσ-

289 1050 523 1104 γενομένης
554 1037 630 1089 οἷν
660 1047 732 1088 καὶ
762 1048 841 1103 τῆς
860 1047 966 1101 περὶ
985 1044 1153 1087 τούτων
1175 1043 1414 1099 φροντίδος
1433 1045 1488 1098 τί
1510 1045 1709 1099 προτέρᾳ
1731 1042 1966 1098 συγχυθεὶς

289 1112 378 1158 ὕπὸ
413 1110 613 1168 ἀθυμίας
645 1113 709 1163 εἷς
739 1113 872 1156 νόσον
901 1115 1155 1163 κατέπεσεν,
1189 1106 1239 1168 ἧς
1262 1113 1560 1168 μηκυνομένης
1590 1112 1662 1153 καὶ
1686 1105 1964 1160 αὐξανόντων

289 1184 378 1225 τιῖν
409 1184 575 1224 παθῶν
607 1188 760 1233 συνείς,
793 1176 865 1224 ὅτι
894 1182 1049 1236 μέλλοι
1078 1180 1296 1230 τελευτᾶν,
1329 1179 1535 1234 συγκαλεῖ
1569 1178 1672 1229 τοί-ς
1703 1179 1862 1235 φίλους
1890 1179 1980 1238 καὶι

289 1250 369 1306 τήν
398 1266 446 1292 τε
476 1249 608 1293 νόσον
641 1244 792 1299 αὐτοῖς
821 1246 1019 1304 χαλεπὴν
1052 1237 1187 1290 οὖσαν
1227 1242 1383 1303 ἐμήνυε
1421 1248 1495 1289 καὶ
1527 1241 1598 1289 ὅτι
1627 1247 1768 1288 ταῦτα
1800 1244 1965 1299 πάσχει

291 1316 493 1367 κακώσας
522 1316 570 1360 τὸ
604 1319 692 1360 τῶν
718 1312 944 1360 Ἰουδαίων
976 1315 1109 1366 ἔθνος
1140 1313 1391 1372 παρεδήλου
1424 1313 1617 1371 συλήσας
1640 1311 1719 1357 τὸν
1754 1311 1860 1356 ναὸν
1889 1314 1964 1356 καὶ

180 1389 260 1432 358
292 1387 369 1428 τοῦ
399 1386 519 1428 θεοῦ·
543 1380 898 1442 καταφρονήσας,
930 1386 1002 1427 καὶ
1033 1385 1172 1425 ταῦτα
1204 1383 1340 1438 λέγων
1372 1380 1643 1432 ἐξέπνευσεν.
1705 1376 1818 1424 ὥστε
1846 1384 1965 1424 θαυ-

292 1453 445 1509 μάζειν
476 1452 703 1507 Πολύβιον
734 1451 812 1496 τὸν
835 1452 1227 1508 ΙΠεγαλοπολίτην,
1260 1449 1309 1500 ὃς
1340 1445 1515 1505 ἀγαθὸς
1546 1442 1606 1492 ὢν
1638 1444 1747 1505 ἆνὴρ
1779 1444 1964 1492 ἀποθα-

292 1530 381 1564 νεῖν
413 1522 527 1576 λέγει
557 1520 634 1563 τὸν
654 1516 881 1574 Ἀντίοχον
900 1519 1180 1576 βουληθέντα
1210 1517 1259 1561 τὸ
1292 1520 1370 1574 τῆς
1402 1516 1446 1560 ἐν
1468 1521 1667 1572 Πέρσαις
1706 1512 1964 1572 Ἀρτέμιδος

295 1588 411 1645 ἱερὸν
435 1590 645 1645 συλῆσαι·
677 1586 727 1630 τὸ
751 1586 834 1644 γὰρ
865 1590 1017 1645 μηκέτι
1048 1589 1239 1643 ποιῆσαι
1269 1585 1318 1629 τὸ
1354 1585 1479 1641 ἔργον
1505 1584 1856 1640 βουλευσάμενον
1889 1579 1965 1627 οὔκ

180 1662 261 1704 359
293 1657 412 1700 ἔστιν
442 1660 660 1713 τιμωρίας
692 1652 831 1706 ἄξιον.
893 1655 931 1698 εἷ
962 1655 1009 1698 δὲ
1032 1653 1106 1698 διὰ
1130 1657 1260 1697 τοῦτο
1283 1654 1495 1710 Πολι-βίῳ
1518 1654 1637 1696 δοκεῖ
1656 1654 1965 1707 καταστρέψαι

291 1724 367 1768 τὸν
397 1728 496 1780 βίον
525 1720 749 1778 Ἀντίοχον
782 1719 944 1775 οῧτως,
984 1721 1100 1765 πολὺ
1143 1721 1458 1775 πιθανώτερον
1499 1720 1573 1764 διὰ
1603 1719 1683 1776 τὴν
1714 1720 1964 1776 ἱεροσυλίαν

291 1795 368 1835 τοῦ
400 1791 444 1835 ἓν
469 1789 790 1848 Ἱεροσολύμοις
821 1793 928 1834 ναοῦ
957 1791 1216 1846 τελευτῆσαι
1247 1789 1324 1833 τὸν
1353 1789 1555 1844 βασιλέα.
1618 1784 1729 1831 ἀλλὰ
1758 1789 1864 1843 περὶ
1884 1787 1965 1842 μὲν

408 1950 429 1992 ξ
455 1951 521 1984 354
545 1965 588 1976 =
618 1952 646 1983 1.
666 1948 830 1983 Maccab.
850 1947 901 1982 VI
919 1949 950 1982 2.

405 2084 691 2120 PFLAMVWE
702 2084 770 2118 Lat
783 2084 944 2118 Zonaras
969 2084 985 2117 I
1009 2094 1046 2128 p.
1073 2086 1150 2118 370.

409 2145 420 2175 l
450 2136 738 2185 *ἄναθυμάτων
764 2151 806 2175 ex
832 2151 925 2176 corr.
951 2140 996 2173 W
1112 2132 1288 2185 *πλήρησ
1312 2136 1374 2171 FL
1506 2140 1525 2172 2
1550 2139 1821 2174 *καταλειπεῖν
1844 2136 1872 2171 Ρ

291 2195 361 2235 τὸν
385 2199 482 2240 (ante
509 2200 614 2241 Φιλ.)]
639 2200 708 2234 τοῦ
733 2197 795 2231 FL
821 2194 891 2233 τὸν
916 2199 984 2232 τοῦ
999 2195 1121 2230 AMW
1192 2198 1211 2229 3
1237 2194 1275 2231 δὲ
1301 2204 1367 2229 om.
1387 2193 1417 2227 L
1490 2188 1557 2231 οὖν
1573 2192 1634 2230 ἐπὶ
1657 2190 1780 2230 τούτω
1796 2192 1918 2228 AMW

292 2259 313 2290 4
338 2254 440 2297 *guil
459 2254 560 2291 εἰσΡ
631 2252 860 2298 *ἐλλυμαίδα
878 2254 911 2288 V
982 2247 1074 2297 αι’-τῆ
1100 2251 1285 2286 PAMWE
1357 2254 1376 2284 5
1403 2250 1440 2287 δὲ
1456 2250 1489 2285 E
1560 2253 1580 2284 6
1604 2244 1864 2294 *α’ποσοῖμενοι
1889 2248 1919 2283 L

293 2316 311 2347 7
338 2308 605 2363 *ἐπελθόντεσ
629 2311 657 2346 Ρ
752 2304 851 2347 ὥστε
875 2310 907 2344 Ε
978 2312 997 2344 9
1023 2308 1061 2345 δὲ
1086 2308 1243 2343 AMWE
1339 2310 1378 2341 10
1405 2304 1719 2352 *πολεμήσαντεσ
1743 2306 1770 2341 Ρ
1845 2302 1968 2342 *τοὺσ

293 2368 488 2405 ἰουδαίουσ
504 2367 534 2402 L
609 2371 646 2403 11
673 2368 937 2403 κατελελοίπει
953 2366 1020 2401 VE
1101 2368 1141 2400 12
1168 2367 1306 2401 τοῦτον
1323 2364 1352 2398 F
1423 2365 1661 2410 *συγχυθεὶς]
1684 2364 1748 2398 καὶ
1765 2363 1967 2409 συγχυθεὶσ

292 2424 477 2459 PLAMW
550 2427 589 2459 13
607 2423 895 2470 *μηκυνωμένησ
912 2423 941 2458 Ρ
1012 2416 1278 2466 αὐξανομένων
1295 2421 1324 2455 F
1327 2421 1392 2455 LV
1465 2423 1506 2455 14
1522 2419 1646 2464 μέλλει
1663 2419 1728 2455 FV
1801 2422 1841 2455 15
1862 2419 1965 2460 *καὶ1

293 2483 408 2517 τοῦτο
434 2480 511 2515 PW
534 2483 598 2517 καὶ
623 2483 736 2517 τοῦτο
764 2479 860 2514 FLV
930 2480 1076 2514 *ταῦτα
1102 2489 1172 2513 om.
1197 2478 1227 2512 L
1302 2480 1339 2511 16
1358 2474 1428 2513 *τὸ
1457 2480 1534 2513 τῶν
1557 2497 1598 2501 -
1626 2472 1838 2523 παρεδήλου
1854 2475 1875 2510 i.
1894 2484 1963 2510 ras.

292 2537 451 2582 pressius
469 2548 514 2572 m.
534 2540 553 2571 2
571 2538 604 2571 A
673 2539 780 2573 *τῶν
804 2547 871 2571 om.
892 2536 920 2570 F
923 2535 988 2570 LV
1059 2531 1302 2580 *παρεδήλου
1318 2544 1386 2569 om.
1406 2533 1452 2567 W
1521 2530 1695 2579 συλήσας]
1720 2535 1784 2569 καὶ
1801 2529 1967 2578 συλήσασ

293 2592 449 2627 AMWE
475 2589 642 2639 συλήσασ
666 2590 740 2640 γὰρ
766 2593 796 2628 v
918 2596 955 2628 ιτ
980 2592 1051 2627 uid.
1078 2592 1203 2637 Polyb.
1221 2592 1264 2626 fr.
1283 2593 1337 2633 31,
1356 2594 1394 2624 ιο
1421 2592 1559 2634 p.1242
1584 2589 1739 2625 Hultsch
1854 2582 1964 2630 ὥστε]

295 2644 393 2686 ὥστε
418 2663 465 2694 με
490 2650 570 2685 VW
691 2652 730 2684 18
755 2650 1065 2696 μεγαροπολίτην
1089 2649 1122 2683 A
1261 2643 1316 2690 ὃς]
1342 2643 1398 2683 ὠσ
1425 2647 1451 2680 Ρ
1602 2649 1640 2681 19
1665 2649 1742 2693 τῆς]
1767 2641 1871 2691 παρὰ
1898 2647 1966 2690 τῆσ

294 2706 416 2741 AMW
534 2709 575 2740 20
599 2703 911 2753 βουλευσάμενοσ
936 2705 995 2740 PF
1020 2704 1084 2739 secl
1108 2711 1244 2740 tantum
1271 2703 1446 2750 coqitauit
1471 2703 1542 2738 Lat
1657 2705 1696 2737 21
1725 2699 1783 2739 διὰ
1808 2713 1877 2738 om.
1903 2699 1966 2736 Fv

407 2786 751 2832 καταστρέψασθαι
778 2785 929 2820 PAMW
954 2764 1289 2831 κατοέστρέψασθαι
1314 2783 1343 2817 L
1461 2785 1503 2817 22
1530 2776 1630 2819 office
1654 2781 1776 2816 AMW
1892 2792 1967 2818 πει·

295 2839 520 2888 θανώτερον
544 2842 571 2876 P
598 2840 858 2888 πιθανότερον
882 2841 912 2876 L
1002 2844 1043 2876 23
1069 2840 1240 2887 βασιλέα]
1265 2841 1355 2887 βίον
1378 2838 1442 2873 FV
1535 2834 1629 2875 α’λλὰ
1655 2858 1699 2864 -—
1729 2840 1803 2882 135,
1821 2839 1841 2872 2
1867 2850 1966 2882 νομι-

296 2895 456 2943 ζόντων]
486 2898 550 2933 scd
580 2900 623 2934 ob
656 2898 724 2934 hoc
755 2911 828 2934 non
853 2898 981 2934 resisto
1006 2896 1301 2943 nzeqalopole'tae‚
1327 2906 1405 2931 cum
1432 2900 1557 2930 nostra
1584 2896 1708 2941 opinio
1734 2905 1821 2929 uera
1846 2892 1966 2928 uidea-

296 2958 356 2988 tur·
380 2953 449 2988 Lat
