2107 3377
110 654 190 693 409

110 992 192 1032 410

114 1399 190 1437 411

117 1667 199 1708 412

215 193 295 231 406
674 189 835 233 ANTIQ.
860 188 957 224 IUD.
983 188 1050 223 XV
1076 190 1175 222 40&
1188 190 1254 222 412
1279 190 1338 228 (xl.
1355 193 1382 218 4.
1397 188 1427 229 5)

216 309 327 364 ρέως
365 307 438 349 καὶ
468 307 556 347 τῶν
586 301 921 361 γαζοφυλάκων,
961 302 1033 344 καὶ
1065 300 1152 356 πρὸ
1184 303 1290 356 μιᾶς
1319 297 1485 358 ἡμέρας
1515 302 1589 357 τῆς
1619 297 1771 356 ἑορτῆς
1806 297 1884 342 ἐπὶ

215 373 294 418 τὸν
320 371 547 428 Ῥωμαίων
579 370 856 429 φρούραρχον
889 364 1200 424 ἀναβαίνοντες
1239 369 1280 412 οἱ
1311 367 1609 424 γαζοφύλακες
1646 369 1720 410 καὶ
1749 384 1884 410 κατα-

216 438 521 522 μανθάνοαέντε
565 437 644 494 τὴν
685 437 851 481 ἑαυτῶν
891 437 1115 494 σφραγῖδα
1158 436 1236 493 τὴν
1278 434 1436 491 στολὴν
1475 433 1735 490 ἐλάμβανον.
1798 429 1880 478 εἶτ’

220 509 354 561 αὖθις
384 511 461 568 τῆς
491 507 644 565 ἑορτῆς
673 504 988 563 παρελθούσης
1019 504 1082 556 εἷς
1111 505 1187 548 τὸν
1211 500 1342 547 αἰτὸν
1362 507 1622 558 κομίσαντες
1652 502 1793 546 τόπον
1813 503 1888 545 καὶ

219 580 284 634 τιῦ
329 575 590 640 φρουράργω
637 573 857 625 δείξαντες
907 572 1145 631 σύμφωνον
1188 571 1267 630 τὴν
1313 571 1538 629 σφραγῖδα
1587 573 1888 614 κατετίθεντο.

222 647 362 688 ταῦτα
391 644 470 699 μὲν
503 642 578 687 οὖν
604 639 643 685 ὗ
633 641 692 685 τὸ
716 659 792 685 τοι
815 640 997 691 πάθους
1027 643 1113 684 τιῦν
1135 639 1552 698 ἐπισυμβεβηκότων
1573 638 1888 717 παρεδηλώθη.

220 712 320 756 τότε
351 707 390 754 6'
419 709 493 754 οὖν
515 729 537 754 ο
561 713 648 753 τιῦν
665 706 746 754 ²·102
753 710 889 753 δαίων
918 708 1127 763 βασιλεὺς
1144 705 1346 788 ‘H9113672g
1375 709 1449 751 καὶ
1479 706 1638 764 ταίτιν
1660 705 1738 765 τὴν
1760 709 1890 762 βᾶριν

221 777 494 837 ὀχυρωτέραν
514 777 844 829 κατασκευάσας
867 773 941 821 ἐπ
969 772 1120 834 ἆσφαλ
1125 781 1194 820 εία
1214 778 1287 819 καὶ
1310 777 1483 833 φυλακῇ
1503 778 1581 818 τοῦ
1605 775 1736 831 ἱερου,
1765 791 1892 828 χαρι-

222 848 400 903 ζόμενος
429 844 651 903 Ἀντωνίῳ
683 847 801 904 φίλῳ
832 847 911 901 μὲν
943 841 1077 889 αὐτοῦ
1104 842 1330 899 Ῥωμαίων
1363 844 1410 887 δὲ
1450 841 1628 898 ἄρχοντι
1666 842 1892 902 προσηγό-

222 932 372 972 ρευσεν
403 911 656 958 Ἀντωνίαν.

339 988 377 1027 5.
404 979 476 1027 Ἐν
508 983 554 1026 δὲ
585 992 679 1033 τοῖς
710 981 935 1037 ἑσπερίοις
964 985 1141 1038 μέρεσιν
1168 982 1244 1023 τοῦ
1267 979 1507 1036 περιβόλου
1529 980 1668 1024 πύλαι
1688 984 1894 1038 τέτταρες

223 1051 485 1110 ἐφέστασαν,
517 1049 542 1110 ἡ
573 1052 654 1106 μὲν
686 1051 748 1102 εἷς
777 1049 832 1092 τὰ
862 1051 1070 1105 βασίλεια
1099 1053 1305 1091 τείνουσα
1335 1050 1413 1105 τῆς
1444 1047 1487 1090 ἐν
1513 1052 1634 1104 μέσῳ
1667 1045 1895 1106 φάραγγος

223 1120 286 1171 εἷς
317 1120 466 1163 δίοδον
498 1115 840 1176 ἀπειλημμένης,
875 1118 920 1161 αἱ
952 1117 1029 1160 δύο
1062 1117 1109 1160 δὲ
1140 1116 1203 1167 εἷς
1233 1115 1282 1159 τὸ
1306 1116 1590 1172 προάστειον,
1625 1114 1646 1173 ῆ
1679 1117 1815 1176 λοιπὴ
1845 1113 1889 1161 δ’

224 1187 287 1239 εἰς
324 1187 402 1246 τὴν
434 1184 568 1244 ἄλλην
599 1186 734 1229 πόλιν
763 1189 986 1241 βαθμίσιν
1017 1185 1207 1236 πολλαῖς
1245 1183 1363 1227 κάτω
1394 1200 1441 1227 τε
1479 1183 1542 1234 εἷς
1581 1184 1659 1242 τὴν
1690 1185 1896 1243 φάραγγα

225 1257 507 1313 διειλημμένη
539 1257 610 1297 καὶ
645 1250 736 1298 άπὸ
770 1252 931 1311 ταύτης
963 1250 1053 1296 ἅνω
1085 1251 1223 1296 πάλιν
1254 1250 1331 1295 ἐπὶ
1360 1251 1438 1310 τὴν
1465 1251 1739 1308 πρόσβασιν·
1772 1251 1896 1298 ἅντι-

225 1340 326 1379 κρυς
363 1322 445 1380 γὰρ
477 1320 501 1379 ἡ
533 1323 667 1373 πόλις
709 1321 847 1365 ἔκειτο
876 1323 955 1364 τοῦ
987 1321 1106 1377 ἱεροῦ
1138 1319 1429 1376 θεατροειδὴς
1468 1311 1578 1363 οὖσα
1608 1324 1896 1380 περιεχομένη

225 1395 397 1449 βαθείᾳ
428 1391 630 1471 φάραγγι
653 1389 764 1433 κατὰ
796 1393 886 1433 πᾶν
916 1388 965 1433 τὸ
991 1389 1138 1433 νότιον
1168 1390 1314 1443 κλίμα.
1364 1387 1414 1432 τὸ
1449 1388 1496 1432 δὲ
1525 1392 1733 1445 τέταρτον
1766 1384 1900 1433 αὐτοῦ

225 1463 433 1515 μέτωπον
463 1458 512 1502 τὸ
546 1459 660 1515 πρὸς
689 1461 967 1517 μεσημβρίαν
993 1455 1081 1511 εἶχε
1110 1457 1189 1512 μὲν
1210 1458 1282 1500 καὶ
1315 1451 1420 1500 αυτὸ
1445 1456 1589 1508 πύλας
1620 1456 1730 1500 κατὰ
1750 1460 1899 1512 μέσον,

227 1524 302 1572 επ)
339 1524 474 1571 αυτοῦ
511 1528 556 1571 δὲ
587 1526 666 1586 τὴν
703 1528 932 1582 βασίλειον
973 1525 1108 1570 στοὰν
1146 1526 1335 1584 τριπλῆν
1373 1524 1484 1567 κατὰ
1522 1527 1659 1583 μῆκος
1699 1525 1901 1570 διιοῦσαν

228 1592 320 1640 ἀπὸ
364 1599 441 1654 τῆς
482 1595 595 1653 ἑῳάς
641 1595 867 1679 φάραγγος
907 1594 983 1638 επὶ
1021 1594 1099 1651 τὴν
1139 1593 1368 1650 ἑσπέριον·
1415 1610 1465 1637 ου
1504 1593 1584 1650 γὰρ
1622 1593 1675 1651 ῆν
1715 1593 1903 1638 ἐκτεῖναι

229 1668 502 1722 προσωτέρω
535 1661 734 1708 δυιατόν.
785 1663 910 1720 ε’ργον
941 1658 982 1705 δ’
1012 1661 1122 1722 ῆνα
1128 1658 1507 1721 ξιαιρῃητότατον
1537 1665 1623 1704 τῶν
1654 1657 1733 1719 ἱφ’
1768 1659 1901 1720 ἡλίω·

228 1732 420 1789 μεγάλου
450 1734 532 1789 γὰρ
565 1730 692 1783 ὄντος
721 1735 799 1775 τοῦ
820 1734 896 1789 τῆς
921 1727 1146 1789 φάραγγος
1170 1726 1482 1789 ἀναλήμματος
1502 1733 1574 1774 καὶ
1599 1725 1694 1773 06²6
1722 1725 1904 1773 ἀνεκτοῦ

320 1891 682 1927 PFLAMVWELat
694 1891 857 1926 Zonaras
881 1890 899 1924 I
923 1901 957 1934 p.
975 1892 1052 1924 436.

325 1953 337 1983 l
359 1949 450 1982 *litt.
472 1945 491 1984 6
510 1951 598 1993 μιᾶς
616 1944 756 1995 ἡμέρας
772 1957 874 1982 euan.
889 1947 922 1981 V
993 1950 1011 1981 2
1036 1943 1138 1988 *τὸν]
1157 1948 1234 1982 τῶν
1250 1945 1329 1980 LW
1349 1959 1416 1982 τυ
1432 1945 1465 1980 V
1535 1943 1807 1993 *φρούραρυ*
1822 1945 1853 1981 V

231 2002 449 2053 α’ναβάντεσ
478 2006 508 2040 Ε
541 2001 839 2053 α’ναβηψοντεσ
864 2003 895 2038 V
988 2002 1085 2038 *litt.
1110 1999 1244 2044 ὕλακες
1276 2005 1339 2038 καὶ
1370 2012 1472 2037 euan.
1495 2002 1527 2037 V
1631 1998 1905 2050 *καταλαμβά-

232 2075 368 2099 νοντεσ
393 2062 431 2096 Μ
540 2064 558 2096 3
584 2058 691 2098 *εἶτα
720 2061 756 2095 Μ
789 2063 824 2095 et
849 2070 892 2095 ex
916 2070 1007 2095 corr.
1033 2061 1064 2094 A
1172 2063 1193 2094 4
1218 2061 1309 2095 *καὶ
1334 2062 1387 2107 τῷ
1412 2056 1645 2107 φρουράρχῳ
1675 2070 1743 2095 om.
1768 2059 1816 2095 W

232 2123 251 2154 5
277 2117 501 2166 φρουράρχη
525 2118 624 2154 FVE
711 2114 916 2162 σύμφωνον
947 2137 972 2140 -
1008 2117 1270 2157 κατετίθεντο]
1302 2115 1467 2150 similiter
1491 2126 1570 2150 cum
1594 2115 1726 2161 siqillis
1755 2126 1907 2162 repom:-

232 2177 317 2210 hant
340 2175 411 2210 Lat
496 2172 564 2221 τὴν
581 2175 771 2221 σφραγῖδα
797 2186 1003 2219 συμᾳωνον
1027 2174 1125 2216 ὁείξι.
1132 2186 1217 2209 νιεσ
1244 2178 1288 2208 tr.
1306 2172 1348 2206 W
1429 2174 1676 2208 κατετίθεντο
1702 2169 1769 2218 τὴν
1788 2185 1907 2219 σφρα-

232 2235 315 2280 γῖδα
339 2237 383 2267 tr.
403 2232 509 2267 AME
592 2235 612 2266 6
637 2234 755 2268 ταῦτα
779 2251 810 2255 -
833 2227 1082 2277 παρεδηλώθη
1107 2241 1174 2265 om.
1196 2229 1308 2264 ELat
1389 2232 1466 2265 τῶν
1489 2232 1617 2276 συμβε
1619 2226 1788 2275 Ξηκότων
1806 2228 1852 2263 W

232 2286 480 2337 προεδηλώθη
506 2288 655 2324 Hudson
747 2292 762 2322 ἰ’
789 2282 826 2323 δ’
847 2288 924 2329 οὖν]
950 2289 1042 2333 γοῦν
1067 2287 1099 2321 Ε
1193 2289 1212 2321 8
1239 2282 1406 2333 ὀχυρωτ·ι
1401 2286 1484 2333 ’ραι
1506 2283 1806 2329 κατασκευάσας]
1831 2284 1909 2323 ἐπι-

233 2343 425 2383 σκευάσασ
448 2344 688 2393 ἐχυρωτέραν
712 2344 743 2379 Ε
837 2339 1034 2387 *ασφαὶιά
1060 2343 1088 2378 Ρ
1182 2348 1201 2379 9
1228 2344 1325 2390 φίλω
1375 2365 1384 2367 v—
1418 2341 1576 2391 α’ρχοντι
1602 2354 1670 2379 om.
1689 2343 1722 2379 V
1813 2344 1909 2393 φίλῳ

236 2424 274 2427 -
304 2406 344 2438 10
365 2398 561 2439 Ἀντωνίαν
586 2412 653 2436 om.
679 2401 709 2435 L
804 2405 844 2443 >ll
878 2401 1062 2445 τέσσαρεσ
1087 2400 1117 2434 F
1143 2395 1178 2436 ό·
1203 2401 1235 2435 V
1343 2402 1382 2435 12
1407 2398 1459 2442 ἐν]
1483 2399 1529 2444 ἐμ
1556 2399 1582 2434 Ρ
1680 2403 1718 2435 13
1745 2397 1790 2437 τὸ
1816 2414 1910 2448 προ-

233 2457 398 2501 άστειον]
429 2459 638 2494 suburbana
664 2458 733 2492 Lat
832 2457 897 2494 δύο
924 2458 973 2500 δὲ]
1004 2456 1061 2505 βῖ’
1080 2457 1112 2491 V
1212 2457 1249 2494 δὲ
1275 2456 1493 2492 FLAMVW
1590 2460 1630 2492 14
1654 2458 1841 2504 βαθμίσιν
1867 2478 1906 2483 —

239 2520 276 2552 17
303 2518 417 2561 κλίμα
448 2527 517 2551 om.
545 2517 571 2550 P
671 2518 834 2562 βαθμῖσι
857 2514 887 2548 L
912 2518 949 2549 et
972 2525 1015 2549 ex
1041 2525 1132 2549 corr.
1151 2515 1183 2548 A
1289 2517 1326 2548 15
1353 2509 1507 2558 α’ντικρὺ
1533 2513 1563 2548 V
1666 2517 1703 2548 17
1729 2511 1909 2560 φάραγγι,

238 2587 259 2620 ρ
283 2584 327 2608 ex
352 2577 372 2608 λ
397 2584 488 2608 corr.
508 2573 542 2606 A
628 2569 671 2608 τὺ
700 2569 841 2614 νότιον]
868 2569 937 2607 τὸν
956 2568 1058 2617 ὄψον
1076 2571 1119 2605 W
1201 2573 1330 2615 κλίμα]
1352 2585 1469 2606 xm*-
1492 2571 1520 2604 V
1606 2570 1790 2615 τέταρτον
1813 2571 1865 2606 sic
1883 2571 1910 2606 P

237 2629 270 2666 δ’
292 2631 320 2665 V
427 2634 467 2665 18
491 2628 663 2675 μετώπου
687 2640 729 2664 ex
753 2629 933 2673 μέτωπον
957 2629 1131 2672 repictum
1158 2628 1186 2662 L
1288 2623 1389 2663 αὐτῶ
1414 2627 1443 2661 L
1546 2627 1695 2673 τρέψασ
1719 2639 1762 2662 ex
1787 2625 1910 2665 πύλασ

236 2711 410 2755 repictum
435 2710 465 2743 L
579 2713 616 2744 Η
640 2712 734 2756 βασί
761 2708 788 2743 V
813 2705 1011 2755 βασιλικὴν
1035 2707 1088 2743 ed.
1115 2718 1167 2752 pr.
1278 2709 1445 2753 τριπλῆν]
1480 2720 1634 2753 τρι-ιιι
1662 2706 1691 2740 F
1724 2710 1790 2744 τοῦ
1814 2704 1912 2755 πλὴν

236 2777 280 2802 ex
305 2764 462 2813 τριπλην
487 2767 667 2811 1epictum
693 2766 706 2800 i
744 2776 853 2809 marg.
880 2765 1002 2799 eadem
1028 2768 1210 2846 Πτέκτὲἰζίῑέι
1230 2764 1259 2798 L
1352 2766 1531 2805 διιοῦσαν]
1557 2760 1718 2799 δέουσαι·
1745 2763 1816 2798 PW

1099 2833 1106 2857 ι
1137 2833 1145 2855 ι

239 2860 281 2893 20
307 2853 384 2894 α’πὸ
414 2879 448 2881 -ε
480 2855 577 2906 ἑῴας
603 2867 704 2892 euan.
724 2857 754 2890 V
847 2854 1022 2897 ἐκτεῖναι]
1047 2854 1209 2892 ἐκτεῖιαι
1236 2855 1263 2889 F
1289 2871 1336 2901 ,ρ
1345 2853 1513 2935 ῆέκβῆναι
1540 2854 1562 2889 i.
1583 2864 1690 2898 marg.
1711 2854 1782 2890 AM
1814 2855 1912 2890 tendi

238 2914 307 2949 Lat
412 2917 446 2949 21
479 2911 856 2961 α’ξιοαᾳηγηιότατον
880 2913 911 2948 V
1007 2909 1169 2959 {wli-la)
1191 2915 1219 2946 Χ
1322 2913 1363 2945 ..2
1390 2923 1462 2957 μεγ
1465 2908 1558 2947 &ivn
1582 2931 1627 2936 —
1659 2915 1728 2951 107,
1745 2915 1762 2947 4
1787 2905 1913 2959 βυθόν

240 2981 307 3006 οω.
337 2970 361 3004 P
455 2968 528 3018 γὰρ
559 2991 595 2996 -
622 2973 685 3017 τῆς
709 2981 810 3005 enan.
831 2970 861 3004 V
957 2965 1038 3005 οῧδὶ
1065 2966 1113 3005 ἄν
1136 2966 1246 3005 ἕκτοι·
1276 2967 1423 3002 LAMW
