2029 3392
611 213 770 258 AN'HQ.
795 213 891 249 1UD.
918 214 1002 250 xlu
1029 218 1137 251 5—14
1162 219 1196 255 (¹.
1214 222 1284 257 23)
1700 220 1776 257 153

127 330 291 387 διῆγον.
350 326 372 371 ὁ
397 328 443 371 δὲ
466 329 681 383 Βακχίδης
703 326 974 380 αἰσθόμενος
1006 323 1162 378 αὖτοὺς
1194 324 1446 387 ἀπηρκότας
1467 330 1536 371 καὶ
1565 329 1608 371 ἐν
1631 330 1779 387 ἐκείνῳ
1809 336 1834 373 9

123 399 187 452 τη]
217 396 344 452 τόπῳ
373 394 661 450 τυγχάνοντας
700 388 899 450 ὥρμησεν
931 389 1005 436 ἐπ’
1033 392 1191 446 αι’·τοίς
1221 395 1331 450 μετὰ
1364 395 1511 452 πάσης
1543 398 1619 451 τῆς
1650 397 1779 439 δυνά-

124 480 253 518 μεως,
283 465 353 506 καὶ
386 465 527 518 πέραν
546 463 623 503 τοῦ
643 461 858 516 Ἰορδάνου
881 463 1371 518 στρατοπεδευσάμενος
1402 459 1673 517 ἀνελάμβανε
1703 465 1779 520 τήν

126 530 320 586 δύναμιν.
375 525 588 586 Ἰωνάθης
605 528 650 571 δὲ
670 527 798 584 γνοὺς
817 527 895 571 τὸν
920 530 1134 586 Βακχίδην
1157 527 1229 572 ἐπ’
1258 527 1390 573 αὐτὸν
1420 526 1578 586 ἥκοντα
1610 534 1779 584 πέμπει

74 606 92 638 5
122 598 198 642 τὸν
236 593 430 654 ἀδελφὸν
455 591 656 652 Ἰωάννην
692 595 768 638 τὸν
807 598 879 639 καὶ
916 595 1100 639 Γάδδειν
1140 598 1370 652 λεγόμενον
1410 597 1524 653 πρὸς
1551 597 1654 648 τοὺς
1685 604 1780 641 Να-

121 669 333 720 βαταίους
361 660 572 719 Ἄραβας,
614 664 687 706 ἰ’να
718 660 829 719 παρ’
857 659 1006 713 αὐτοῖς
1037 659 1270 721 ἀποθῆται
1311 665 1388 721 τήν
1420 665 1668 722 ἀποσκευήν
1701 666 1782 717 ἕως

123 728 174 776 οὗ
204 730 504 787 πολεμήσουσι
536 730 650 787 πρὸς
674 731 912 788 Βακχίδην·
945 722 1056 789 ἦσαν
1086 731 1168 787 γὰρ
1200 734 1340 789 φίλοι.
1399 732 1476 775 τὸν
1507 734 1553 775 δὲ
1579 730 1780 791 Ἰωάννην

123 795 315 844 ἀπιόντα
346 797 458 853 πρὸς
487 797 590 849 τοὺς
613 802 897 853 Ναβαταίους
929 798 1258 855 ἐνεδρεύσαντες
1289 799 1333 843 ἐκ
1356 801 1577 858 ,Μηδάβας
1607 801 1781 852 πόλεως

121 866 164 911 οἱ
203 862 440 921 Ἀμαραίου
472 866 630 916 παῖδες
663 863 794 909 αὐτόν
832 883 880 909 τε
912 867 1268 922 συλλαμβάνουσι
1303 870 1373 910 καὶ
1406 868 1508 918 τοὺς
1539 868 1616 911 σὺν
1648 865 1780 925 αὐτῷ,

53 941 90 975 10
116 935 190 978 καὶ
221 933 547 989 διαρπάσαντες
578 928 662 976 ὅσα
693 933 975 989 ἐπεκομίζετο
1005 939 1224 978 κτείνουσι
1254 934 1331 977 τὸν
1357 932 1557 993 Ἰωάννην
1587 939 1658 980 καὶ
1680 936 1782 987 τοὺς

118 1000 320 1056 ἑταίρους
365 997 498 1044 αὐτοῦ
542 998 727 1052 πάντας.
796 1002 918 1060 δίκην
955 1005 1108 1057 μέντοι
1151 1019 1199 1058 γε
1242 1003 1409 1045 τούτων
1455 1000 1644 1057 ὑπέσχον
1687 1013 1782 1054 τοῖς

119 1064 331 1126 ἀδελφοῖς
364 1064 498 1111 αὐτοῦ
529 1068 606 1126 τὴν
639 1065 780 1122 ἀξίαν,
814 1069 866 1127 ἢν
895 1065 992 1124 μετ’
1019 1065 1068 1113 οὐ
1101 1069 1215 1112 πολὺ
1248 1070 1515 1127 δηλώσομεν.

232 1140 269 1179 3.
299 1133 346 1179 Ὁ
377 1136 423 1179 δὲ
458 1136 673 1194 Βακχίδης
711 1135 838 1192 γνοὺς
876 1136 952 1180 τὸν
979 1133 1194 1195 Ἰωνάθην
1226 1136 1269 1181 ἐν
1299 1146 1393 1188 τοῖς
1425 1137 1542 1181 ἕλεσι
1571 1140 1649 1180 τοῦ
1675 1134 1780 1193 Ἰορ-

119 1203 251 1247 δάνου
282 1204 818 1260 κατεστρατοπεδευμένον
851 1204 1176 1262 παραφυλάξας
1205 1204 1282 1263 τὴν
1303 1207 1390 1248 τῶν
1411 1205 1645 1261 σαββάτων
1677 1203 1780 1264 ἡμέ-

51 1278 88 1312 15
118 1288 197 1326 ραν
230 1269 303 1314 ἐπ’
331 1267 464 1314 αι’·τὸν
495 1267 593 1328 ἧκεν
624 1269 683 1322 ὡς
714 1267 763 1314 οὗ
794 1272 1068 1326 μαχούμενον
1099 1271 1236 1328 ἐκείνη
1270 1271 1343 1315 διὰ
1372 1271 1448 1314 τὸν
1470 1273 1616 1327 νόμον.
1677 1272 1699 1316 ὁ
1733 1274 1779 1316 δὲ

119 1339 411 1395 παρορμήσας
450 1338 553 1390 τοὺς
593 1338 793 1394 ἑταίρους
832 1341 904 1382 καὶ
944 1341 1048 1395 περὶ
1077 1342 1165 1382 τιῦν
1198 1342 1348 1394 ψυχῶν
1381 1336 1529 1390 αὐτοῖς
1560 1338 1671 1384 εἶναι
1702 1341 1779 1383 τὸν

119 1407 317 1450 κίνδυνον
340 1405 479 1450 εἰπών
499 1409 653 1460 μέσοις
684 1403 1031 1465 ἀπειλημμένοις
1052 1409 1128 1450 τοῦ
1151 1423 1197 1450 τε
1220 1410 1424 1462 ποταμοῦ
1445 1410 1516 1451 καὶ
1538 1411 1624 1451 τῶν
1645 1410 1779 1452 πολε-

119 1477 233 1527 μίων
265 1471 322 1524 ὡς
353 1473 494 1530 φυγήν
525 1470 600 1517 οὐκ
632 1474 815 1528 ἔχουσιν,
849 1475 891 1518 οἱ
921 1475 999 1529 μὲν
1029 1474 1110 1530 γὰρ
1143 1474 1400 1529 ἔμπροσθεν
1432 1474 1625 1531 ἐπῄεσαν
1647 1472 1668 1518 o‘
1693 1492 1779 1519 πο-

120 1539 260 1596 ταμὸς
291 1537 333 1583 δ’
361 1532 410 1597 ἦν
440 1536 628 1584 κατόπιν
660 1541 814 1594 αὐτῶν,
847 1538 1079 1596 εὐξάμενος
1101 1542 1146 1585 δὲ
1168 1543 1240 1584 καὶ
1260 1543 1323 1596 τῷ
1352 1544 1448 1597 θεῷ
1479 1547 1599 1599 νίκην
1630 1538 1780 1593 αὐτοῖς

52 1617 90 1650 20
120 1617 363 1666 παρασχεῖν
395 1608 607 1651 συνάπτει
645 1618 739 1660 τοῖς
770 1611 1016 1664 πολεμίοις.
1077 1604 1136 1651 ὦν
1166 1608 1359 1659 πολλοὺς
1389 1609 1647 1665 καταβαλών
1679 1609 1777 1653 ἐπεὶ

119 1676 346 1733 τολμηρῶς
376 1673 490 1719 εἶδεν
522 1675 811 1731 ἐπερχόμενον
844 1672 962 1732 αὐτῷ
992 1675 1070 1718 τὸν
1101 1677 1330 1733 Βακχίδην,
1371 1676 1553 1727 ἐξέτεινε
1591 1675 1670 1734 τὴν
1707 1678 1777 1720 δε-

119 1741 216 1794 ξιὰν
248 1740 306 1793 ὡς
336 1743 517 1800 πλήξων
549 1740 694 1787 αὐτόν.
753 1745 831 1786 τοῦ
862 1743 909 1786 δὲ
939 1743 1233 1798 προϊδομένου
1255 1745 1327 1787 καὶ
1348 1743 1426 1799 τὴν
1448 1744 1617 1802 πληγὴν
1639 1743 1778 1787 ε’κκλί-

119 1827 273 1861 ναντος
305 1806 604 1869 ἀποπηδήσας
633 1810 743 1865 μετὰ
773 1813 861 1854 τιῦν
892 1810 1078 1867 ἑταίρων
1110 1811 1172 1861 εἷς
1201 1810 1277 1853 τὸν
1308 1810 1511 1866 ποταμὸν
1537 1811 1776 1869 διενήξατο,

232 1969 252 2011 ξ
278 1971 299 2004 9
322 1986 367 1999 =
393 1973 422 2004 1.
439 1968 606 2005 Maccab.
632 1969 684 2004 IX
710 1972 764 2003 34.

229 2102 512 2138 PFLAMVWE
522 2102 593 2138 Lat
604 2103 763 2138 Zonaras
787 2103 804 2137 Ι
829 2114 863 2148 p.
891 2106 967 2138 375.

232 2161 247 2193 1
275 2155 535 2206 *α’πηρκότας]
559 2154 819 2206 οἷπειρηκότασ
843 2159 923 2193 FW
947 2155 1195 2207 α’πηρηκότασ
1217 2160 1266 2194 L²
1390 2162 1408 2194 3
1434 2156 1777 2206 στρατοπαιδευσά-

118 2228 237 2260 μενοσ
259 2215 306 2250 L¹
378 2219 397 2250 5
422 2218 487 2252 καὶ
510 2213 679 2257 Γάδδειν]
703 2218 851 2251 καδδειν
866 2215 895 2249 Ρ
964 2218 1068 2261 γαδδὶ
1085 2215 1167 2250 FA¹
1191 2218 1318 2262 γαδδὶν
1333 2215 1503 2250 L¹MVW
1519 2219 1555 2250 et
1572 2224 1616 2249 ex
1633 2225 1724 2250 corr.
1743 2217 1776 2250 A

116 2268 254 2319 γαδδὴν
273 2271 317 2306 [θ’
337 2271 383 2308 cf.
401 2271 471 2306 XII
488 2274 553 2307 266
622 2267 905 2318 *α’ναβαταιόυσ
922 2271 1016 2307 PLV
1086 2274 1105 2305 6
1132 2267 1325 2319 α’πόθηται
1342 2271 1488 2306 FVWE
1558 2269 1776 2317 *ἐπισκευὴν

116 2327 148 2364 F
172 2325 415 2376 παρασκευὴν
438 2328 467 2362 Ρ
560 2331 578 2361 ῖ
604 2321 690 2370 *οὗ]
716 2325 764 2364 ἄν
788 2327 938 2362 LAMW
963 2327 1047 2363 fort.
1064 2333 1163 2363 recte
1265 2325 1532 2373 πολεμήσουσι]
1558 2327 1590 2361 Ε
1615 2323 1775 2372 πολεμή-

118 2396 212 2422 σωσι
235 2383 437 2420 PFLAMV
461 2385 696 2428 πολεμίσωσι
722 2383 766 2417 W
845 2381 944 2429 πρὸς
967 2393 1035 2418 om.
1059 2383 1247 2419 LAMWE
1334 2386 1353 2418 8
1378 2379 1640 2429 α’ναβαταιόυσ
1663 2382 1775 2419 P¹LV

231 2443 408 2487 μηδαβᾶσ
430 2440 458 2474 P
483 2438 654 2486 μηδάνασ
677 2439 707 2474 F
731 2436 894 2484 μιβάδασ
918 2439 952 2473 Ε
975 2438 1134 2474 nabathea
1158 2440 1218 2474 alii
1242 2439 1343 2474 codd.
1369 2438 1518 2474 medaba
1541 2439 1601 2473 alii
1624 2438 1695 2473 Lat

118 2497 139 2531 9
163 2492 405 2542 *Ἀμαραίοω
437 2492 582 2543 Ἰαμβρί
612 2500 676 2530 aut
699 2491 829 2543 Ἄμβρί
853 2495 968 2530 Maec.
1109 2499 1149 2531 10
1173 2497 1359 2532 κτείνουσι
1382 2515 1426 2520 -
1449 2490 1631 2540 Ἰωάννην]
1657 2490 1776 2531 αὐτόν

116 2564 159 2589 τε
181 2554 370 2590 κτείνουσι
394 2553 426 2588 Ε
530 2553 742 2588 κτείνουσιν
764 2551 838 2585 ΑΜ
943 2548 1024 2593 τὸν]
1048 2554 1112 2588 καὶ
1135 2549 1205 2588 τὸν
1228 2551 1325 2586 FLV
1354 2547 1470 2587 αὐτόν
1494 2563 1536 2586 τε
1560 2546 1630 2586 τὸν
1651 2549 1775 2585 AMW

231 2611 272 2644 12
296 2604 342 2654 ἢν
365 2619 433 2644 om.
458 2608 489 2642 L
581 2604 688 2649 πολὺ]
714 2605 809 2643 πολὺ
833 2602 878 2653 ἢν
901 2606 950 2641 12²
1051 2604 1277 2653 δηλώσωμεν
1300 2607 1330 2640 L
1425 2608 1464 2640 13
1489 2604 1530 2641 ἐν
1554 2615 1621 2640 om.
1646 2605 1775 2641 PFLV

230 2662 271 2701 ἐν
293 2671 374 2707 τοῖς
397 2662 508 2707 ἕλεσι]
532 2665 568 2700 in
592 2664 796 2700 nemoribus
819 2663 889 2697 Lat
983 2666 1020 2697 15
1047 2658 1103 2705 οὔ]
1127 2660 1176 2708 μὴ
1201 2663 1232 2698 Ε
1321 2659 1575 2707 μαχούμενον]
1600 2661 1775 2697 FLELat

118 2715 339 2765 μαχόμενον
360 2720 548 2755 PAMVW
639 2717 681 2756 ἐν
705 2717 828 2764 ἐκείνη
851 2718 972 2753 AMW
1089 2721 1130 2753 16
1154 2716 1339 2765 *ἑτέροιο-
1362 2717 1444 2752 FV¹
1558 2719 1655 2764 περὶ]
1679 2714 1774 2763 ὑπὲρ

118 2773 151 2809 Ε
245 2778 284 2811 1Ί
310 2771 576 2822 ἆπειλημένοισ
598 2775 629 2810 F
721 2787 763 2811 τε
787 2785 854 2809 om.
880 2774 908 2808 P
1016 2776 1055 2809 18
1079 2771 1210 2821 φυγὴν]
1236 2771 1387 2820 φεύγειν
1409 2772 1439 2807 F
1465 2779 1596 2820 φυγεῖν
1617 2773 1725 2809 AMV
1729 2772 1774 2807 W

120 2833 156 2865 et
179 2839 224 2866 ex
247 2841 338 2866 corr.
362 2831 394 2866 L
544 2834 585 2866 19
610 2826 821 2877 εὖχόμενοσ
844 2830 872 2864 P
1020 2831 1083 2865 καὶ
1107 2839 1175 2864 om.
1200 2829 1353 2864 LAMW
1501 2831 1542 2865 21
1567 2828 1774 2872 *ἐξέτεινεν

118 2908 170 2942 A¹
260 2910 303 2943 22
326 2909 592 2956 προϊδομένου]
617 2909 760 2944 Bekker
783 2907 1056 2955 προειδομένου
1079 2907 1181 2943 codd.
1199 2907 1231 2942 E
1324 2887 1582 2950 ‘sszxnvavzom
1606 2909 1644 2944 λί
1658 2907 1682 2944 i.
1698 2918 1770 2944 ras.

118 2965 150 3000 F
241 2965 283 2999 23
308 2960 584 3011 *ἄποδημήσασ
607 2966 640 3001 V
732 2961 964 3010 *ὁιενήξατο]
987 2960 1144 3008 ἐνήξατο
1169 2963 1199 2998 F

1814 537 1864 575 10

1815 738 1860 777 11

1815 1140 1864 1181 12

1814 1277 1864 1318 13

1811 1613 1863 1653 14
