2029 3392
46 936 82 969 10

44 1273 80 1306 15

46 1612 83 1646 20

533 202 695 246 ANTIQ.
720 201 816 237 ιυυ.
842 200 927 235 xlu
956 203 1132 235 του-304
1158 203 1203 238 «κ.
1222 206 1247 231 τ.
1267 203 1310 231 xu.
1331 204 1358 239 ι)
1696 198 1773 235 207

117 314 240 369 ἄξιος
270 315 358 360 ὑπὸ
391 320 468 360 τοῦ
500 317 607 358 θεοῦ
639 317 824 370 κριθείς,
857 308 990 370 ἀρχῆς
1018 316 1095 355 τοῦ
1128 313 1286 363 ἔθνους
1316 313 1387 354 καὶ
1420 313 1496 369 τῆς
1527 306 1774 364 ἀρχιεραιι-

116 388 191 444 κῆς
221 388 351 444 τιμῆς
380 386 450 427 καὶ
484 385 782 440 προφητείας·
816 382 946 437 συνῆν
975 380 1058 437 γὰρ
1091 378 1206 437 ccl-vg}
1240 379 1288 423 τὸ
1322 383 1450 422 θεῖον
1480 380 1550 421 καὶ
1582 377 1659 436 τὴν
1689 381 1775 420 τῶν

115 453 364 509 μελλόντων
395 451 647 507 πρόγνωσιν
678 456 884 503 παρεῖχεν
917 444 1033 504 αι’·τηῖ
1066 466 1111 491 τε
1144 450 1308 491 εἰδέναι
1339 448 1410 490 καὶ
1441 447 1672 502 προλέγειν
1704 442 1776 488 ου’-

115 539 214 573 τως,
246 521 358 564 ὥστε
385 520 455 562 καὶ
489 519 590 572 περὶ
623 518 709 559 τῶν
741 515 816 558 δύο
847 517 935 558 τῶν
967 520 1275 572 πρεσβιτέρων
1306 515 1482 558 παίδων
1510 509 1579 557 ὅτι
1610 513 1667 571 μη
1701 530 1778 567 με-

115 593 263 634 νοῦσιν
292 590 379 631 τιιῗν
409 584 681 643 πραγμάτων
711 583 852 639 κύριοι
883 592 1112 638 προεῖπεν.
1174 581 1233 626 ῶν
1263 583 1341 642 την
1371 581 1683 640 καταστροφὴν
1716 582 1778 631 εἰς

113 657 162 700 τὸ
195 660 360 712 μαθεῖν
391 650 496 697 ὅσον
534 654 612 708 τῆς
649 654 726 694 τοῦ
758 650 930 707 πατρὸς
960 648 1188 709 ὑπέβησαν
1220 649 1418 705 εὐτυχίας
1449 649 1573 702 ἄξιον
1606 645 1776 708 ἀφηγη-

114 728 299 768 σασθαι.

226 792 300 834 ΧΙ.
336 796 372 833 1.
410 788 760 843 Τελευτήσαντος
798 786 879 842 γὰρ
924 782 1073 837 αὐτοῖς
1106 789 1184 830 τοῦ
1216 787 1386 841 πατρὸς
1417 784 1438 829 ὁ
1474 786 1778 842 πρεσβύτατος

112 855 450 914 Ἀριστόβουλος
479 855 557 914 τὴν
589 852 723 912 ἀρχὴν
754 855 817 906 εἰς
845 856 1078 909 βασιλείαν
1112 858 1379 909 μεταθεῖναι
1420 854 1573 906 δόξας,
1615 853 1778 910 ἔκρινεν

109 925 192 983 γὰρ
224 920 351 976 οὕτω,
385 924 580 982 διάδημα
610 926 789 979 πρῶτος
821 922 1079 966 ἐπιτίθεται
1110 922 1220 976 μετὰ
1252 926 1548 978 τετρακοσίων
1580 917 1778 976 ἀριθμὸν

112 993 220 1037 ἐτῶν
257 995 329 1036 καὶ
369 991 636 1048 ὀγδοήκοντα
675 992 747 1034 καὶ
789 989 886 1041 ἑνὸς
924 991 998 1033 καὶ
1035 992 1184 1047 μηνῶν
1213 993 1348 1047 τριῶν
1388 985 1470 1047 ἀφ’
1498 986 1547 1032 οὗ
1579 992 1656 1045 τῆς
1686 986 1775 1032 ὑπὸ

111 1062 417 1116 Βαβυλωνίοις
449 1060 648 1110 δουλείας
681 1055 953 1114 ἀπαλλαγεὶς
984 1055 1006 1101 ὖ
1031 1057 1137 1109 λαὸς
1159 1058 1221 1109 εἷς
1252 1057 1330 1117 την
1353 1057 1519 1101 οἰκείαν
1540 1057 1776 1114 κατῆλθεν.

111 1131 302 1184 στέργων
342 1129 388 1171 δὲ
427 1131 514 1171 τῶν
556 1124 758 1185 ἀδελφῶν
797 1125 874 1169 τὸν
913 1122 1009 1180 μετ’
1047 1122 1180 1169 αὐτὸν
1219 1122 1468 1182 Ἀντίγονον
1505 1127 1662 1168 τοῦτον
1700 1125 1778 1178 μὲν

110 1199 198 1240 τῶν
228 1193 394 1251 ὁμοίων
425 1192 562 1254 ἠξίου,
593 1195 696 1245 τους
735 1195 781 1237 δὲ
814 1191 972 1244 ἄλλους
1012 1191 1123 1248 εἶχεν
1155 1194 1197 1237 ἐν
1230 1196 1421 1248 δεσμοῖς.
1483 1191 1597 1247 εἶρξε
1629 1192 1675 1234 δὲ
1705 1194 1776 1235 καὶ

109 1264 188 1323 τὴν
218 1268 384 1323 μητέρα
416 1265 519 1319 περὶ
550 1265 628 1321 τῆς
660 1259 791 1320 ἀρχῆς
823 1257 939 1317 αὐτῷ
972 1263 1287 1315 διενεχθεῖσαν,
1327 1262 1490 1318 ἐκείνην
1521 1259 1602 1316 γαρ
1628 1257 1778 1315 Ὑρκα-

112 1332 186 1384 νὸς
225 1335 313 1375 τῶν
353 1328 467 1375 ὅλων
505 1337 656 1387 κυρίαν
694 1331 977 1383 καταλείπει,
1018 1333 1091 1373 καὶ
1130 1334 1256 1386 μέχρι
1294 1328 1510 1386 τοσαύτης
1550 1324 1778 1384 ὠμότητος

112 1402 353 1459 προῆλθεν,
387 1395 492 1443 ὥστ)
521 1396 654 1458 αὐτὴν
684 1400 754 1442 καὶ
789 1399 902 1454 λιμῶ
933 1398 1191 1456 διέφθειρεν
1221 1398 1465 1455 δεδεμένην.
1525 1398 1778 1452 προστίθη-

114 1484 184 1512 σιν
223 1468 269 1510 δὲ
306 1470 359 1524 τῇ
398 1470 528 1525 μητρὶ
569 1470 640 1510 καὶ
679 1466 754 1510 τὸν
787 1462 981 1523 ἀδελφὸν
1011 1462 1271 1522 Ἀντίγονον,
1313 1465 1362 1509 ὃν
1404 1467 1598 1520 στέργειν
1635 1462 1777 1506 ἐδόκει

113 1536 307 1591 μάλιστα
344 1538 414 1578 καὶ
457 1535 665 1579 κοινωνὸν
698 1533 810 1588 εἶχεν
840 1537 917 1592 τῆς
945 1535 1197 1588 βασιλείας,
1240 1533 1285 1577 ἐκ
1325 1534 1545 1588 διαβολῶν
1578 1528 1778 1575 ἆπαλλο-

112 1606 324 1659 τριωθεὶς
364 1603 478 1660 πρὸς
517 1598 662 1654 αὐτόν,
704 1601 774 1653 αἷς
811 1601 860 1644 τὸ
900 1602 979 1656 μὲν
1018 1604 1195 1657 πρῶτον
1227 1597 1302 1645 οὐκ
1332 1600 1573 1653 ἐπίστευεν,
1613 1598 1668 1643 τὰ
1699 1600 1779 1654 μὲν

115 1669 199 1715 ὖπό
239 1674 317 1714 τοῦ
357 1672 504 1728 φιλεῖν
545 1665 676 1713 αὐτὸν
716 1666 765 1713 οὐ
805 1672 1034 1725 προσέχων
1073 1679 1168 1721 τοῖς
1207 1671 1479 1725 λεγομένοις,
1525 1667 1579 1711 τὰ
1621 1667 1667 1710 δὲ
1703 1669 1778 1710 καὶ

112 1739 422 1798 φθονούμενον
465 1736 703 1796 ἡγούμενος
748 1737 1087 1792 διαβάλλεσθαι.
1155 1740 1235 1780 τοῦ
1280 1736 1327 1779 δὲ
1371 1732 1622 1791 Ἀντιγόνου
1667 1734 1779 1778 ποτὲ

111 1809 325 1862 λαμπρῶς
365 1802 455 1850 ἀπὸ
499 1809 732 1861 στρατείας
771 1804 1100 1855 ἐπανελθόντος
1139 1807 1211 1848 καὶ
1255 1807 1333 1864 τῆς
1373 1804 1546 1860 ἑορτῆς,
1594 1799 1700 1846 καθ’
1726 1801 1778 1861 ἢν

224 1941 245 1984 ξ
270 1943 335 1975 299
361 1956 404 1968 =
428 1940 511 1975 bell.
535 1939 613 1974 Iud.
639 1939 657 1973 I
681 1942 734 1974 68.

223 2065 510 2100 PFLAMVWE
520 2064 591 2099 Lat
603 2064 763 2100 Zonaras
787 2065 805 2099 I
829 2075 863 2109 p.
883 2067 960 2100 391.

226 2126 239 2157 1
267 2125 335 2159 τοῦ
360 2132 428 2158 om.
454 2122 487 2157 E
570 2118 722 2168 *ἁρχῆσ
747 2132 775 2156 s,
800 2121 831 2156 F
850 2124 918 2168 τῆσ
942 2117 1065 2167 ἅρχῆσ
1087 2119 1127 2153 M
1219 2122 1282 2157 καὶ
1306 2130 1376 2155 om.
1393 2120 1425 2154 E
1504 2121 1522 2153 2
1548 2119 1684 2165 *τιμῆς
1709 2128 1777 2153 om.

110 2179 138 2214 P
231 2182 251 2214 4
275 2172 410 2220 *agad
436 2172 536 2215 ὥστε
561 2179 599 2215 δὲ
616 2179 649 2214 V
742 2180 847 2214 *τῶν
870 2175 947 2220 δύο]
974 2175 1037 2214 δύο
1059 2175 1214 2211 LAMW
1306 2178 1462 2217 παίδων]
1489 2173 1608 2212 αὐτοῦ
1632 2176 1778 2211 παίδων

109 2235 299 2271 LAMWE
325 2238 403 2272 τῶν
427 2236 575 2272 παίδων
591 2235 624 2270 V
694 2234 876 2279 *μένουσι
901 2239 990 2273 ί-σιν
1005 2233 1048 2276 Ρ)
1065 2232 1233 2268 PFLAM
1303 2236 1323 2268 6
1350 2227 1445 2269 ὅσον
1462 2243 1530 2267 om.
1549 2231 1577 2265 P
1647 2228 1778 2277 ὑπερέ-

109 2296 232 2341 βησαν
255 2291 349 2327 PFL
444 2286 737 2338 *οἷφηγίσασθαι
761 2290 792 2325 L
909 2293 927 2326 8
952 2290 975 2324 i.
995 2299 1105 2333 marg.
1131 2287 1172 2326 κ’
1197 2290 1228 2324 L
1253 2289 1331 2324 XX
1348 2289 1420 2324 Lat
1527 2289 1548 2332 ξ
1575 2290 1637 2322 301
1664 2287 1777 2322 utitur

109 2348 290 2384 Eusebius
308 2348 398 2384 dem.
418 2358 544 2396 euaug.
562 2347 651 2383 VIII
669 2350 700 2390 2,
716 2350 756 2383 73
767 2358 819 2392 sq.
837 2349 885 2392 (p.
905 2349 1011 2389 394a)
1081 2349 1101 2381 9
1125 2346 1373 2381 ’‘m-istobolus
1395 2345 1467 2380 Lat
1490 2354 1629 2388 semper
1699 2343 1778 2386 *εἰς

110 2406 318 2454 βασιλείαν]
343 2407 413 2451 τῆσ
428 2406 630 2452 βασιλείασ
646 2405 680 2439 V
748 2404 988 2449 *μεταθῆναι
1003 2403 1034 2438 L
1104 2400 1257 2450 ἔκριναν
1272 2404 1306 2438 V
1378 2406 1417 2438 10
1436 2395 1562 2438 οῧτωσ
1578 2399 1733 2434 LAMW

112 2462 295 2510 *πρῶτον
319 2461 349 2496 L
443 2462 704 2506 *περιτίθεται
731 2460 824 2496 coni.
850 2469 894 2494 ex
916 2460 1133 2504 argumentis
1218 2460 1518 2506 *τετρακοσίων1
1545 2457 1778 2503 τριακοσίων

111 2519 159 2553 W
238 2521 277 2554 11
303 2512 582 2564 *ὀγδοήκοντα]
607 2517 836 2562 septuaginta
858 2515 896 2550 in
919 2516 1001 2551 bell.
1022 2516 1101 2551 Iud.
1122 2546 1127 2552 .
1195 2512 1302 2553 *ἀπὸ
1320 2515 1385 2549 Fv
1457 2517 1496 2549 12
1520 2515 1778 2561 *βαβυλῶνοσ

111 2574 239 2610 PFLV
308 2570 328 2611 ὁ
347 2571 445 2611 λαὸσ
463 2570 697 2621 ἀπαλλαγεὶσ
712 2577 756 2608 tr.
776 2572 931 2607 AMWE
1000 2571 1219 2619 *ἐπανῆλθε
1243 2572 1425 2607 FLVZon
1449 2568 1641 2608 ἐπάνοδον
1656 2569 1732 2604 Eus

114 2633 156 2665 13
180 2626 308 2676 *μετ’,
331 2644 352 2667 τ
376 2630 399 2666 i.
424 2642 496 2666 ras.
522 2631 556 2665 A
669 2625 783 2674 *μετ’
810 2625 938 2670 cai-vim]
962 2626 1058 2674 μετὰ
1083 2626 1154 2666 τὸν
1176 2629 1207 2663 L
1231 2624 1325 2674 μεθ’
1351 2624 1468 2665 αὑτὸν
1491 2627 1539 2661 W
1657 2628 1697 2660 14
1721 2620 1776 2660 *δ’

112 2685 331 2723 FLAMVW
402 2684 544 2723 ἅλλουσ
568 2683 604 2723 δ’
629 2686 682 2729 (δὲ
704 2687 752 2728 Ε)
775 2690 820 2720 tr.
845 2685 1002 2721 AMWE
1072 2687 1188 2731 *ἦρξε
1210 2686 1239 2720 P
1335 2688 1375 2720 16
1402 2685 1533 2720 ’‘m-v
1560 2676 1673 2724 Sam,
1697 2684 1718 2716 λ
1742 2682 1778 2716 et

115 2755 136 2777 ν
157 2741 180 2776 i.
205 2751 278 2778 ras.
301 2742 334 2776 A
357 2745 412 2779 τῶ
436 2740 543 2787 νόμω
567 2742 615 2777 W
691 2743 959 2779 καταλελοίπει
983 2741 1138 2776 AMWE
1162 2743 1364 2778 καταλίποι
1388 2741 1421 2777 Ὺ
1443 2740 1640 2783 reliquerat
1662 2738 1734 2772 Lat

118 2801 157 2833 17
184 2793 239 2833 ὡσ
262 2795 399 2845 ταύτην
422 2799 504 2835 ῪῪΕ
597 2801 831 2847 διαφθείρειν
854 2798 884 2832 F
911 2801 1127 2845 διαφθεῖραι
1151 2797 1248 2832 LVE
1330 2798 1631 2844 *προστίθησειν
1658 2794 1687 2829 P

117 2855 159 2888 18
183 2855 246 2889 καὶ
269 2855 314 2899 τῆ
337 2858 447 2902 μητρὶ
471 2852 542 2892 τὸν
557 2859 603 2890 tr.
621 2855 778 2891 AMWE
851 2857 891 2890 19
915 2856 992 2896 καὶ]
1010 2854 1048 2891 δὲ
1062 2854 1091 2888 P
1115 2853 1153 2890 δὲ
1169 2856 1233 2890 καὶ
1250 2853 1394 2889 FLVW
1465 2850 1563 2900 ἔχειν
1578 2851 1733 2887 LAMW

116 2910 355 2955 *διαβολλῶν
377 2910 408 2945 F
501 2915 543 2947 20
568 2911 765 2949 ἐπίστευσε
790 2911 823 2946 Ε
916 2913 958 2945 22
983 2912 1170 2957 λαμπρῶσ
1194 2910 1289 2947 ποτὲ
1312 2913 1356 2945 tr.
1382 2909 1414 2943 Ε
1500 2911 1540 2944 23
1567 2910 1778 2956 *λαμπρῶς

117 2959 194 3001 dub
221 2973 288 2997 0¹1³·
311 2963 342 2998 F
434 2969 647 3015 *στρατιᾶσ
670 2967 830 3004 PA¹VW
856 2968 1041 3013 στρατίασ
1065 2966 1120 3000 M¹

1809 382 1889 422 300

1811 787 1886 826 301

1811 1127 1892 1167 302

1811 1399 1891 1440 303

1810 1739 1892 1780 304
