2107 3377
377 160 428 198 10
863 159 1024 204 ANTIQ.
1050 159 1146 196 IUD.
1172 159 1223 194 XI
1249 163 1382 196 31—36
1407 163 1468 205 (111.
1486 166 1560 205 μῦ.)

371 272 509 329 βύσου
539 272 740 316 θάνατον
769 272 847 329 τὴν
877 276 1065 329 Περσῶν
1097 269 1231 331 ἀρχὴν
1263 273 1450 331 ἐνιαυτῷ
1488 279 1696 330 κατέσχον
1737 275 1779 318 οἱ
1816 275 2043 332 λεγόμενοι

373 340 488 384 ἑπτὰ
528 339 642 384 οἶκοι
681 343 768 384 τών
799 344 988 396 Περσῶν
1017 341 1095 386 τὸν
1121 339 1371 385 Ὑστάσπου
1404 343 1547 386 παῖδα
1577 347 1770 398 Δαρεῖον
1802 339 2047 395 ἀπέδειξαν-

370 411 572 464 βασιλέα.
633 405 761 460 οὗτος
793 408 972 466 ἰδιώτης
1003 403 1063 453 ὢν
1093 407 1254 468 ηὔξατο
1284 413 1349 466 τῴ
1381 413 1496 467 θεῷ,
1538 411 1576 454 εί
1613 414 1784 467 γένοιτο
1821 411 2041 466 βασιλεύς,

371 477 522 520 πάντα
552 476 606 519 τὰ
639 478 766 534 σκεύη
798 479 876 520 τοῖ-
907 480 1040 531 θεοῦ,
1081 474 1166 522 ὅσα
1197 469 1248 536 ῆν
1280 477 1346 521 ἐ’τι
1377 476 1421 520 ἐν
1453 480 1706 533 Βαβυλῶνι,
1748 481 1948 534 πέμψειν
1980 479 2043 531 εἷς

303 549 356 589 32
372 545 448 588 τὸν
481 544 587 588 ναὸν
618 544 695 588 τὸν
727 544 771 588 ἒν
798 542 1138 601 Ἱεροσολύμοις.
1201 545 1346 600 ἔτυχεν
1385 546 1432 589 δὲ
1463 542 1562 589 κατ’
1590 545 1752 590 ἐκεῖνον
1783 545 1861 590 τὸν
1890 546 2045 603 καιρὸν
2071 557 2089 602 5

371 609 643 670 ἀφικόμενος
681 613 796 668 πρὸς
825 617 1020 669 Δαρεῖον
1060 612 1106 663 ἐξ
1132 611 1451 668 Ἱεροσολύμων
1490 614 1825 672 Ζοροβάβηλος,
1867 613 1916 666 ὃς
1954 617 2043 658 τῶν

372 680 663 735 αἰχμαλώτων
697 676 923 724 Ἰουδαίων
961 680 1133 739 ἡγεμών
1173 677 1482 724 ἀπεδέδεικτο·
1529 681 1674 725 πάλαι
1710 681 1794 738 γὰρ
1834 672 1884 739 ῆν
1923 677 2043 739 αὐτῷ

370 750 503 805 φιλία
542 748 656 805 πρὸς
695 748 773 792 τὸν
810 751 1019 804 βασιλέα,
1064 745 1124 793 δι’
1150 747 1204 807 ἣν
1233 751 1305 793 καὶ
1348 750 1743 806 σωματοφυλακεῖν
1774 745 1908 793 αὐτὸν
1938 745 2037 804 μετ’

371 812 516 860 ἄλλων
548 816 625 860 δύο
657 819 831 873 κριθεὶς
862 815 985 869 ἄξιος
1017 813 1238 861 ἀπέλαυεν
1271 813 1320 874 ἧς
1350 814 1539 874 ἤλπισεν
1569 819 1712 874 τιμῆς.

301 888 353 927 33
485 888 524 928 2.
563 888 636 942 Τῷ
668 886 715 929 δὲ
746 886 913 943 πρώτῳ
943 888 1021 942 τῆς
1050 887 1282 940 βασιλείας
1304 885 1392 928 ἔτει
1412 889 1605 940 Δαρεῖος
1635 882 1901 939 ὑποδέχεται
1931 886 2043 941 λαμ-
2071 895 2084 928 1

367 954 494 1008 πρώς
535 955 609 996 καὶ
647 953 759 1008 μετὰ
799 955 969 1011 πολλῆς
1007 956 1288 1010 παρασκευῆς
1326 953 1428 1004 τούς
1457 970 1504 996 τε
1535 955 1640 1009 περὶ
1672 949 1806 997 αὐτὸν
1836 954 1910 996 καὶ
1938 952 2042 1005 τοὺς

368 1020 484 1064 οἴκοι
521 1021 755 1077 γεγονότας
791 1024 865 1065 καὶ
896 1021 999 1072 τούς
1028 1024 1116 1064 τιῦν
1142 1021 1314 1078 ΖΠήδων
1345 1019 1563 1078 ἡγεμόνας
1592 1024 1666 1065 καὶ
1699 1020 1935 1078 σατράπας
1963 1023 2042 1079 τῆς

366 1089 592 1144 Περσίδος
621 1092 695 1133 καὶ
727 1090 954 1145 τοπάρχας
984 1092 1063 1146 τῆς
1088 1086 1267 1148 Ἰνδικῆς
1299 1087 1397 1143 ἄχρι
1426 1092 1503 1145 τῆς
1530 1089 1797 1140 Αἰθιοπίας
1835 1090 1911 1133 καὶ
1939 1087 2042 1140 τοὺς

299 1160 353 1199 34
368 1156 640 1213 στρατηγοίς
670 1160 756 1200 τών
787 1157 942 1201 ἑκατὸν
975 1157 1233 1201 εἰκοσιεπτὰ
1275 1159 1574 1212 σατραπειῶν.
1636 1156 1736 1201 ἐπεὶ
1768 1158 1815 1201 δὲ
1848 1173 2041 1200 κατευω-

362 1226 576 1280 χηθέντες
607 1222 709 1281 ἄχρι
738 1225 869 1280 κόρου
900 1228 973 1270 καὶ
995 1227 1254 1283 πλησμονῆς
1285 1224 1500 1268 ἀνέλυσαν
1521 1225 1904 1283 κοιμηθησόμενοι
1924 1219 2036 1280 παρ’
2071 1233 2082 1267 1

366 1287 525 1342 αὐτοὺς
565 1292 764 1345 ἕκαστοι,
804 1298 998 1347 Δαρεῖος
1043 1291 1065 1336 ὁ
1106 1292 1316 1347 βασιλεὺς
1354 1291 1502 1335 ἐλθών
1543 1291 1617 1335 ἐπὶ
1658 1292 1736 1350 τὴν
1777 1297 1926 1351 κοίτην
1965 1295 2039 1337 καὶ

362 1359 502 1415 βραχὺ
532 1363 611 1416 τῆς
642 1360 794 1411 νυκτὸς
816 1357 1190 1416 ἀναπαυσάμενος
1211 1361 1398 1412 ἔξυπνος
1424 1364 1605 1416 γίνεται,
1636 1362 1710 1404 καὶ
1731 1363 1885 1418 μηκέτι
1903 1377 2039 1404 κατα-

363 1430 637 1486 κοιμηθῆναι
670 1429 909 1484 δυνάμενος
941 1430 1004 1481 εἰς
1035 1427 1215 1485 ὁμιλίαν
1245 1432 1458 1485 τρέπεται
1487 1426 1599 1483 μετὰ
1621 1430 1709 1471 τῶν
1728 1431 1862 1484 τριῶν
1885 1443 2038 1483 σωμα-

296 1501 349 1541 35
366 1495 639 1552 τοφυλάκων,
671 1500 745 1541 καὶ
776 1500 839 1554 τῷ
871 1498 999 1555 λόγον
1031 1497 1203 1554 ἐροῦντι
1236 1499 1339 1553 περὶ
1371 1492 1432 1540 ὦν
1456 1492 1590 1547 αὐτὸς
1620 1491 1867 1552 ἀνακρίνειν
1887 1497 2039 1552 μέλλει

362 1563 440 1607 τὸν
462 1560 763 1622 ἀληθέστερον
793 1567 866 1609 καὶ
899 1565 1206 1622 συνετώτερον,
1237 1565 1380 1622 τούτῳ
1410 1568 1539 1621 γέρας
1570 1564 1729 1608 δώσειν
1757 1561 2039 1618 ὑπισχνεῖται
2065 1574 2080 1609 fi

363 1632 613 1690 νικητήριον
645 1634 883 1691 πορφύραν
915 1634 1192 1677 ἐνδύσασθαι
1222 1635 1295 1677 καὶ
1328 1633 1372 1676 ἓν
1404 1632 1662 1687 ἐκπώμασιν
1678 1641 1858 1689 χρυσοῖς
1888 1636 2036 1676 πίνειν

361 1701 435 1743 καὶ
466 1699 541 1744 ἐπὶ
569 1705 751 1756 χρυσίου
782 1702 1019 1746 καθεύδειν
1048 1704 1120 1745 καὶ
1153 1697 1272 1758 ἅρμα
1299 1700 1612 1757 χρυσοχάλινον
1642 1702 1714 1743 καὶ
1735 1700 1908 1756 κίδαριν
1927 1699 2036 1755 βύσ-

364 1783 486 1811 σινον
525 1771 599 1812 καὶ
639 1773 947 1825 περιαυχένιον
984 1770 1188 1825 χρύσεον,
1227 1770 1299 1812 καὶ
1339 1764 1438 1823 μετ’
1476 1764 1608 1812 αὐτὸν
1648 1768 1760 1820 ἕξειν
1791 1768 2036 1825 προεδρίαν

294 1841 347 1880 36
365 1834 441 1879 διὰ
461 1835 541 1893 τὴν
563 1841 730 1894 σοφίαν
750 1839 823 1880 καὶ
856 1837 1062 1894 συγγενής
1081 1854 1179 1892 μου,
1212 1837 1310 1894 ἔφη,
1342 1836 1660 1894 κληθήσεται.“
1711 1836 1876 1887 ταύτας
1897 1835 2035 1893 ἑπαγ-

475 1940 564 1981 §33
590 1939 937 1974 =1.EsraIII1.

474 2027 798 2064 PFLAVWELat
811 2028 972 2063 Zonaras
996 2028 1012 2062 I
1037 2039 1073 2072 p.
1099 2031 1177 2070 305,
1203 2031 1282 2064 311.

477 2088 492 2120 1
520 2085 598 2130 τὴν]
624 2082 692 2130 τὴν
709 2088 786 2121 τῶν
803 2084 834 2119 Ε
906 2088 925 2119 2
951 2081 1202 2129 *Ὑστάσπου]
1227 2080 1399 2121 ὓστάπου
1415 2084 1443 2118 P
1514 2080 1752 2128 *απέὸειξιιν,
1771 2097 1792 2119 ν
1807 2095 1837 2120 s.
1854 2095 1902 2121 m.
1920 2087 1940 2120 2
1957 2085 1988 2121 L

360 2146 378 2176 3
404 2142 427 2177 i.
446 2152 558 2186 marg.
584 2141 622 2178 δ’
647 2141 676 2176 L
700 2139 796 2176 IIII
816 2142 886 2176 Lat
979 2145 999 2176 4
1024 2139 1117 2188 *ἔτη
1133 2141 1234 2175 L¹W
1329 2145 1347 2175 5
1374 2137 1479 2187 ἔτυχε
1505 2140 1684 2175 FLVWE
1708 2144 1745 2176 et
1768 2151 1812 2176 ex
1837 2151 1929 2178 corr.
1954 2144 1987 2177 A

358 2201 378 2232 6
404 2196 704 2246 *ζοροβάβελοσ
728 2197 793 2233 Fv
926 2202 941 2232 7
969 2194 1242 2235 *ἀποδέδεικτο
1270 2197 1300 2232 V
1417 2197 1531 2234 πάλαι
1557 2194 1645 2244 γὰρ]
1672 2195 1791 2244 πολλὴ
1817 2196 1934 2236 πάλαι
1957 2198 2032 2247 γὰρ

356 2253 491 2302 (πολλὴ
517 2266 546 2291 s.
565 2266 611 2291 m.
631 2258 662 2295 2)
688 2255 716 2290 P
741 2252 860 2301 πολλὴ
885 2252 960 2302 γὰρ
984 2252 1100 2292 πάλαι
1126 2254 1206 2289 WE
1300 2249 1455 2290 *αὐτῶν
1479 2254 1523 2288 P¹
1595 2257 1614 2289 s
1640 2249 1719 2290 *δι’
1744 2250 1802 2301 ἢν]
1829 2251 1850 2292 ὁ
1877 2251 1915 2292 δ’
1939 2250 1984 2303 ἦν
2002 2256 2033 2292 F

358 2306 388 2348 ὦ
415 2310 456 2359 δὴ
482 2312 513 2346 V
607 2316 627 2348 9
651 2311 784 2359 ἤλπισε
809 2312 906 2347 FLV
930 2310 1059 2358 ἤλπιζε
1084 2311 1198 2346 AWE
1297 2314 1334 2345 10
1358 2307 1555 2356 *πρώιτωι
1583 2313 1614 2344 Α
1711 2314 1746 2345 ll
1775 2313 1838 2347 καὶ
1863 2322 1932 2348 om.
1956 2312 1989 2348 V

360 2372 401 2404 12
426 2371 515 2405 *καὶ
541 2373 624 2414 post
647 2366 859 2416 γεγονότας
876 2379 944 2404 om.
963 2369 1010 2403 W
1122 2369 1212 2403 *καὶ
1238 2365 1326 2409 τοὺς
1350 2369 1427 2403 τών
1447 2361 1586 2412 Μήδων
1611 2363 1801 2414 ἡγεμόνας
1823 2378 1891 2403 om.
1916 2368 1988 2404 Lat

357 2428 423 2472 τῆς
448 2427 645 2471 Περσίδος]
672 2429 749 2462 τῶν
773 2428 927 2470 περσῶν
952 2425 1031 2459 WE
1052 2436 1245 2471 persarum
1272 2424 1342 2459 Lat
1454 2426 1492 2458 13
1519 2426 1537 2445 *
1552 2421 1766 2471 τοπάρχους
1789 2424 1945 2461 Dindorf

357 2483 569 2519 αἰθιωπίασ
599 2483 626 2517 Ρ
778 2484 899 2519 *τουσ
930 2478 1217 2528 συστρατηγοὺσ
1242 2481 1271 2515 L
1413 2485 1453 2516 14
1486 2478 1655 2517 *ἑκατὸν
1688 2500 1731 2505 ——
1765 2479 1873 2524 ἑπτὰ]
1905 2485 1974 2530 ρὶζ
1999 2482 2031 2517 V

358 2539 525 2575 CXXVI
545 2540 623 2575 cod.
643 2539 735 2575 Wiz.
753 2539 824 2574 Lat
927 2536 1107 2580 *Z-xcctbv]
1133 2549 1202 2574 om.
1229 2537 1304 2572 P¹F
1331 2534 1369 2584 ρ’
1389 2537 1433 2571 Ρ2
1527 2536 1645 2574 εἴκοσι
1672 2539 1735 2574 καὶ
1762 2535 1856 2574 ἑπτὰ
1881 2537 2031 2574 LAWE

469 2599 754 2642 *σατραπειῶνῙ
781 2609 812 2633 ει
830 2597 851 2631 ἰ.
870 2606 942 2631 ras.
961 2597 992 2630 A
1018 2597 1242 2640 σατραπιιῦν
1259 2594 1323 2629 LV
1348 2597 1572 2639 σατραπιιῦν
1592 2594 1653 2630 ἐπὶ
1677 2591 1740 2640 ἔτη
1758 2591 1898 2631 ἑκατόν
1923 2594 1984 2629 PF

360 2656 400 2687 15
425 2650 533 2700 ἄχρι·
554 2655 586 2686 Α
683 2656 722 2688 16
748 2650 900 2695 αὐτοὺσ,
925 2649 946 2689 ὺ
970 2653 992 2688 i.
1010 2662 1079 2687 ras.
1098 2663 1143 2687 m.
1162 2655 1180 2687 2
1204 2651 1232 2686 P
1257 2646 1390 2687 αὐτοῑσ
1417 2651 1478 2684 FL
1504 2648 1637 2687 αὺτοῖσ
1654 2651 1686 2686 V
1781 2648 1800 2687 ὁ
1827 2661 1896 2687 om.
1923 2650 1984 2686 PF

357 2711 399 2744 20
425 2705 690 2755 ἀληθέστατον
713 2713 775 2746 καὶ
802 2706 1066 2746 συνετώτατον
1082 2709 1162 2743 WE
1258 2710 1295 2742 21
1323 2705 1543 2744 ἐνδύσεσθαι
1563 2707 1622 2741 PF
1647 2704 1843 2743 ἐνδύεσθαι
1868 2707 1984 2743 AWE

355 2763 554 2810 ἐκπώμασι
576 2766 788 2801 FLAVWE
876 2768 917 2801 22
942 2767 1125 2813 βυσσιίἠν
1142 2764 1355 2800 FLAVWE
1449 2767 1490 2798 23
1517 2759 1674 2805 *αὖτὸιη
1693 2776 1713 2799 ο
1731 2774 1775 2798 ex
1794 2778 1824 2799 ω
1843 2773 1935 2799 corr.
1952 2763 1984 2800 L

355 2820 486 2870 *ἔχειν
502 2822 529 2856 Ρ
555 2826 590 2857 et
606 2823 690 2858 fort.
709 2823 779 2858 Lat
803 2825 851 2864 (in
876 2833 945 2868 quo
970 2823 1106 2861 sedere)
1178 2824 1435 2869 *προεδρεῖαν
1452 2820 1480 2855 Ρ
1506 2820 1740 2870 προοεὸρΙαι·
1756 2819 1787 2854 L
1858 2823 1901 2856 24
1919 2818 2029 2868 *ἴφη,

354 2877 596 2926 κληθήσεται]
623 2877 912 2925 ἐπικληθὴσεται
940 2880 1004 2915 FV
1105 2881 1166 2915 καὶ
1193 2880 1409 2926 περίοπτοσ
1434 2874 1610 2920 διαδόξαν
1635 2873 1759 2913 ἔσεται
1787 2879 1869 2921 post
1891 2875 2028 2925 κληθή·

355 2949 459 2974 σεται
487 2936 567 2972 add.
595 2936 622 2970 P
