2107 3377
129 516 210 558 397

242 196 326 234 404
718 196 880 240 ANTIQ.
906 196 1004 232 lUD.
1028 197 1095 232 XV
1119 199 1296 233 396-401
1323 200 1382 241 (xl.
1399 201 1432 239 3)

241 311 393 366 λογίαν
424 308 696 368 ἐπιτηδεύων
725 311 799 353 καὶ
829 326 909 361 τας
940 310 1143 362 δαπάνας
1172 314 1259 355 τῶν
1289 313 1395 389 πρὶν
1416 307 1814 366 ὖπερβαλλόμενος,
1847 309 1907 363 ὥς

239 373 316 421 οὐκ
347 374 479 428 αλλος
509 394 576 428 τις
608 378 728 421 δοκεῖ
757 377 1148 436 ἐπικεκοσμηκέναι
1171 378 1248 422 τὸν
1269 378 1387 422 ναόν.
1435 396 1571 436 αμφω
1594 378 1638 422 δ’
1660 378 1773 437 ἦσαν
1793 379 1907 434 μετὰ

239 447 318 489 τοῦ
348 449 537 499 τείχοις,
580 441 685 489 αὐτὸ
720 446 767 489 δὲ
796 444 845 489 τὸ
886 455 1027 499 τεῖχος
1066 446 1191 503 έργον
1227 450 1433 503 μέγιστον
1473 442 1737 503 ἀνθρώποις
1777 444 1907 491 ἀκου-

243 516 423 571 σθῆναι.
471 513 609 571 λόφος
638 504 690 570 ἧν
711 513 940 571 πετρώδης
966 509 1152 573 ἀνάντης
1172 511 1312 572 ἠρέμα
1334 513 1448 570 πρὸς
1468 523 1562 565 τοῖς
1582 514 1711 572 ἑῴοις
1729 518 1908 571 μέρεσιν

129 584 211 626 398
242 584 319 640 τῆς
349 582 526 633 πόλεως
555 579 850 637 ὑπτιούμενος
889 582 966 625 ἐπὶ
997 580 1076 639 τὴν
1105 582 1300 641 κορυφὴν
1333 579 1481 637 ἄκραν.
1541 586 1696 627 τοῦτον
1727 580 1749 627 ὃ
1782 585 1909 639 πρῶ-

124 926 205 966 399

126 1197 208 1237 400

126 1540 205 1579 401

235 666 311 700 τος
340 647 464 706 ἡμῶν
493 649 703 704 βασιλεὺς
734 651 943 705 Σολομῶν
974 645 1071 701 κατ’
1099 649 1400 708 ἐπιφροσύνην
1431 649 1644 707 μεγάλαις
1684 651 1910 707 ἐργασίαις

237 713 509 771 ἇπετείχιζεν
539 717 594 760 τὰ
635 720 737 774 περὶ
778 717 856 777 τὴν
892 715 1028 774 ἄκραν
1069 715 1266 771 ἄνωθεν,
1310 714 1581 772 ἀπετείχιζεν
1620 718 1667 761 δὲ
1705 717 1910 761 κάτωθεν

236 784 326 828 ἀπὸ
369 788 446 843 τῆς
484 785 604 843 ῥίζης
643 782 901 841 ἀρχόμενος,
943 786 996 842 ἣν
1033 789 1203 839 βαθεῖα
1243 790 1428 842 περιθεῖ
1467 786 1643 844 φάραγξ
1680 782 1911 843 ἠλιβάτοις

235 856 422 909 πέτραις
451 853 650 909 μολίβδῳ
683 854 937 909 δεδεμέναις
967 852 1082 907 πρὸς
1122 849 1338 910 ἀλλήλας,
1381 849 1715 910 ἀπολαμβάνων
1747 854 1837 897 αἰεί
1864 870 1910 896 τι

236 923 314 979 τῆς
346 921 432 964 ἔσω
460 920 606 976 χώρας
635 923 708 964 καὶ
740 926 999 978 προβαίνων
1026 921 1088 972 εἷς
1117 921 1276 976 βάθος,
1309 917 1417 964 ὥστ’
1446 919 1632 979 ὂῖπειρον
1656 920 1770 966 εἶναι
1789 921 1839 964 τό
1861 937 1911 964 τε

234 993 426 1045 μέγεθος
455 991 533 1046 τῆς
563 990 701 1046 δομῆς
729 992 802 1033 καὶ
833 989 882 1033 τὸ
907 989 1022 1045 ῧψος
1043 989 1315 1045 τετραγώνου
1337 994 1634 1048 γεγενημένης,
1666 987 1726 1041 ὥς
1753 988 1809 1032 τὰ
1829 989 1910 1044 μὲν

235 1061 402 1115 μεγέθη
434 1060 521 1100 τῶν
553 1059 697 1100 λίθων
737 1053 828 1101 ἀπὸ
869 1057 1081 1112 μετώπου
1119 1057 1231 1100 κατὰ
1270 1056 1349 1114 τὴν
1387 1055 1655 1114 ἐπιφάνειαν
1695 1055 1909 1113 ὁρᾶσθαι,

235 1125 290 1168 τὰ
324 1122 365 1168 δ’
393 1124 515 1176 ἐντὸς
547 1125 713 1182 σιδήρῳ
738 1126 1094 1183 διησφαλισμένα
1127 1128 1320 1179 συνέχειν
1341 1123 1422 1175 τὰς
1454 1122 1650 1181 ἁρμογὰς
1682 1121 1912 1183 ἀκινήτους

238 1196 302 1250 τῷ
333 1195 469 1236 παντὶ
498 1192 654 1271 χρόνω.
702 1195 776 1247 τῆς
807 1189 849 1236 δ’
877 1191 1083 1249 ἐργασίας
1115 1187 1228 1235 οὕτω
1253 1193 1561 1250 συναπτούσης
1592 1193 1655 1244 εἷς
1681 1189 1813 1248 ἄκρον
1833 1191 1912 1236 τὸν

238 1262 377 1320 λόφον
410 1257 774 1316 ἀπεργασάμενος
807 1256 943 1304 αὐτοῦ
972 1259 1052 1317 τὴν
1081 1259 1278 1318 κορυφὴν
1309 1262 1382 1304 καὶ
1421 1259 1476 1303 τὰ
1513 1262 1640 1305 κοῖλα
1678 1263 1766 1305 τῶν
1805 1262 1910 1318 περὶ

237 1329 285 1372 τὸ
311 1339 460 1383 τεῖχος
500 1327 730 1386 ἐμπλήσας
771 1328 984 1372 ἰσόπεδον
1014 1337 1110 1378 τοῖς
1148 1327 1259 1371 κατὰ
1289 1327 1368 1384 τὴν
1401 1327 1670 1387 επιφάνειαν
1699 1328 1778 1388 τὴν
1821 1345 1912 1372 ανω

237 1399 310 1440 καὶ
343 1398 460 1440 λεῖον
493 1395 715 1453 ἐποίησεν.
767 1392 888 1440 τοῦτ
915 1395 967 1454 ἠν
997 1396 1045 1441 τὸ
1078 1399 1172 1440 πᾶν
1203 1397 1443 1453 περίβολος
1473 1394 1693 1452 τεττάρων
1720 1396 1914 1440 σταδίων

236 1464 314 1509 τὸν
343 1465 498 1508 κύκλον
530 1481 650 1518 εχων,
691 1460 874 1522 ἑκάστης
903 1469 1066 1521 γωνίας
1103 1464 1285 1508 στάδιον
1315 1467 1453 1522 μῆκος
1494 1461 1913 1523 απολαμβανούσης.

241 1533 454 1588 ἐνδοτέρω
496 1533 543 1576 δὲ
572 1533 729 1577 τοί-του
768 1535 843 1577 καὶ
880 1530 991 1588 παρ’
1029 1530 1163 1591 αὐτὴν
1201 1533 1280 1590 τὴν
1320 1530 1457 1588 ἄκραν
1497 1530 1604 1577 ἄλλο
1641 1542 1783 1588 τεῖχος
1822 1529 1914 1576 ἄνω

240 1602 417 1645 λίθινον
449 1604 656 1657 περιθεῖ,
695 1600 807 1644 κατὰ
842 1601 922 1656 μὲν
954 1600 1069 1658 ἑῴαν
1111 1601 1236 1657 ῥάχιν
1276 1600 1461 1659 ἰσομήκη
1499 1603 1564 1658 τῷ
1604 1605 1738 1656 τείχει
1777 1600 1913 1644 στοὰν

239 1669 336 1724 ἔχον
358 1669 534 1726 διπλῆν,
567 1668 610 1712 ἓν
631 1672 753 1725 μέσῳ
783 1671 864 1712 τοῦ
885 1668 966 1713 νεώ
987 1669 1271 1727 τετυχηκότος
1303 1665 1546 1727 ἀφορῶσαν
1569 1669 1631 1720 εἷς
1661 1668 1741 1721 τὰς
1770 1668 1915 1725 θύρας

351 1775 675 1812 PFLAMVWLat

360 1838 373 1868 l
398 1829 720 1881 ὑπερβαλόμενοσ
735 1834 768 1868 V
850 1836 869 1868 2
893 1830 1016 1871 ἐδόκει
1038 1833 1260 1870 FLAMVW
1340 1831 1457 1880 ἄμφω
1473 1854 1517 1858 -
1535 1836 1554 1869 3
1571 1834 1729 1879 τείχους]
1748 1831 1918 1878 porticus

240 1895 359 1926 autem
375 1889 470 1925 duae
485 1891 656 1926 maximis
669 1891 871 1935 parietibus
884 1890 1135 1936 fulciebantur
1150 1891 1221 1926 Lat
1294 1888 1390 1936 μετὰ
1408 1893 1488 1933 τοῦ]
1512 1887 1680 1936 μεγάλου
1697 1889 1726 1924 F
1729 1887 1918 1924 LAMVW

355 1950 374 1982 3
400 1948 548 1994 τείχους
565 1967 606 1972 -
625 1943 670 1983 τὸ
688 1947 813 1982 om.W
889 1944 1011 1985 αὖτὸσ
1026 1947 1057 1982 L
1136 1951 1157 1982 4
1182 1960 1300 1994 ηωοισ
1316 1947 1344 1982 Ρ
1422 1951 1441 1982 5
1467 1946 1614 1984 τούτων
1630 1946 1660 1980 F
1733 1941 1754 1982 ὃ
1772 1945 1919 1980 damnat

241 2014 431 2050 Holwerda
523 1993 694 2061 nptfi'tcgcr
718 2014 747 2048 F
837 2018 856 2050 6
880 2010 1115 2063 βασιλεύσασ
1138 2015 1236 2051 FLV
1323 2011 1415 2052 κατ’
1433 2008 1703 2062 ἐπιφροσύνην]
1727 2007 1818 2050 κατ’
1841 2011 1918 2050 ἐπι-

242 2069 435 2119 φροσύνην
451 2067 552 2113 (κατ’
565 2067 628 2108 ἐπ’
643 2069 878 2118 εὐφροσύνην
890 2072 943 2110 Μ)
968 2075 1037 2109 τοῦ
1053 2076 1149 2110 θεοῦ
1164 2072 1384 2108 FLAMVW
1403 2083 1475 2118 per
1488 2071 1548 2106 dei
1560 2070 1830 2117 prouidentiam
1848 2070 1920 2106 Lat

356 2132 374 2162 7
393 2124 642 2175 ἀπετείχιζεν]
667 2124 881 2175 α’πετείχιζε
903 2129 974 2174 μὲν
991 2130 1133 2166 Bekker
1213 2127 1367 2167 ἄνωθεν
1384 2126 1429 2166 τὰ
1450 2130 1536 2174 περὶ
1554 2125 1622 2174 τὴν
1637 2125 1762 2174 ἄκραν
1778 2129 1824 2162 tr.
1841 2127 1874 2161 V

243 2188 262 2220 8
288 2189 449 2231 περιθεῖ]
475 2185 724 2221 circumdabat
747 2185 818 2220 Lat
898 2183 1028 2232 φάραξ
1049 2186 1077 2221 Ρ
1160 2184 1365 2233 ηλιβάτοις]
1391 2180 1590 2233 ἡλιβάτοισ
1606 2184 1645 2219 Μ
1663 2187 1701 2220 et
1715 2194 1759 2219 ex
1778 2194 1868 2220 corr.
1885 2183 1920 2218 A

240 2239 338 2279 κατὰ
355 2244 442 2289 λίβα
460 2249 547 2278 ταῖσ
564 2242 672 2276 PLW
682 2242 753 2277 Lat
829 2237 1025 2290 ἠλιβάτοις
1044 2264 1081 2267 -
1103 2247 1122 2278 9
1140 2239 1313 2290 α’λλήλας]
1329 2254 1426 2278 saxa
1444 2253 1530 2278 uero
1547 2242 1592 2277 ab
1609 2241 1732 2286 africo
1749 2240 1920 2288 exposita

240 2299 387 2345 plumbo
413 2299 544 2345 liquuit
567 2299 639 2333 Lat
731 2301 751 2333 0
776 2299 966 2342 δεδεμέναι
990 2299 1020 2333 L
1109 2294 1291 2337 άλλιῖλαισ
1315 2300 1344 2334 Ρ
1430 2297 1507 2336 αἰεί
1531 2301 1578 2340 τι]
1601 2297 1754 2333 Hudson
1778 2296 1855 2334 αἰεί
1878 2309 1920 2333 τε

243 2355 460 2390 PFLAMW
484 2355 545 2392 ἐπὶ
563 2356 606 2399 V,
631 2355 654 2390 i.
673 2365 783 2399 marg.
810 2369 857 2401 γρ
876 2353 920 2393 τὰ
940 2358 1026 2403 περὶ
1045 2359 1113 2403 τῆσ
1130 2357 1161 2390 Α
1187 2353 1265 2394 α’πὸ
1284 2357 1339 2392 ed.
1358 2368 1410 2402 pr.
1496 2360 1534 2390 10
1560 2352 1713 2401 ἄπορον
1730 2353 1874 2390 PLVW

244 2426 282 2449 τε
301 2423 369 2447 om.
393 2413 420 2447 L
497 2416 533 2447 11
554 2415 681 2458 ὁωμῆσ
699 2422 741 2446 ex
760 2422 850 2446 corr.
871 2412 898 2446 P
919 2410 1118 2459 δομήσεωσ
1136 2413 1321 2448 FLAMW
1341 2414 1548 2459 οἰκοδομῆσ
1565 2412 1595 2446 V
1661 2411 1870 2458 γενομένησ
1888 2411 1921 2447 V

337 2472 377 2504 14
401 2472 466 2515 τῆς
483 2465 520 2505 δ’
539 2490 580 2494 -
603 2471 640 2504 18
659 2464 1019 2517 ἀπολαμβανούσης]
1044 2481 1195 2516 cumque
1212 2471 1263 2505 ita
1277 2471 1420 2515 factum
1438 2480 1531 2516 opus
1552 2470 1782 2504 continuaret
1806 2478 1921 2514 usque

243 2526 292 2561 acl
313 2528 552 2562 summitatem
577 2525 680 2560 collis
698 2525 880 2571 perduxit
902 2530 936 2561 et
958 2527 1084 2571 fossas
1108 2527 1207 2562 circa
1231 2538 1372 2562 murum
1395 2527 1538 2573 positas
1561 2525 1744 2572 complens
1762 2524 1920 2571 planum

243 2594 352 2629 super
376 2583 635 2629 aequalemque
659 2582 830 2627 confecit,
855 2583 1152 2629 quadriporticus
1177 2595 1264 2619 uero
1289 2585 1326 2619 in
1351 2583 1505 2619 circuitu
1526 2593 1748 2628 unaquaque
1769 2581 1920 2628 porticu

244 2639 502 2685 lonqitudinent
526 2638 638 2674 stadii
659 2638 894 2675 concludente
918 2639 989 2674 Lat
1065 2634 1191 2677 οὕτωσ
1209 2641 1271 2675 FL
1350 2637 1601 2686 συναπτώσησ
1620 2638 1666 2673 W
1739 2642 1776 2674 17
1803 2641 1919 2681 λεῖον]

248 2717 256 2723 -
273 2700 405 2737 -λεῖον,
440 2707 529 2732 eras.
558 2709 594 2732 ·ε
620 2695 649 2729 L
772 2694 953 2743 ἐποίησεν
977 2696 1060 2732 fort.
1087 2698 1265 2743 spurium,
1296 2698 1364 2734 nisi
1388 2697 1483 2733 aliud
1508 2697 1632 2731 haeret
1656 2695 1799 2740 uitium3
1836 2706 1920 2731 nam

244 2765 340 2788 nunc
365 2749 684 2800 ἀπεργασάμενος
707 2755 755 2794 (u.
780 2757 832 2795 15)
857 2758 957 2788 caret
981 2754 1140 2798 obieeto3
1167 2755 1230 2790 sed
1255 2755 1338 2790 fort.
1364 2765 1446 2790 mox
1471 2756 1584 2790 τοῦτο
1612 2755 1688 2790 πᾶν
1705 2754 1920 2800 περίβολον

244 2815 279 2845 et
303 2808 440 2856 ἔχοντα
467 2810 696 2845 scribendum
714 2815 768 2845 est
846 2806 965 2853 τοῦτ’]
992 2814 1105 2848 τοῦτο
1125 2811 1163 2847 δὲ
1188 2811 1408 2846 FLAMVW
1486 2804 1530 2856 ἧν
1546 2820 1615 2846 om.
1632 2809 1677 2843 W
1756 2811 1921 2847 σταδίων

245 2876 311 2901 om.
332 2867 377 2900 W
458 2870 494 2901 18
521 2865 691 2914 ἑκάστης]
717 2865 887 2914 ἐκπάσησ
904 2867 933 2901 L
1004 2870 1139 2915 γονίασ
1156 2868 1186 2902 L
1262 2872 1302 2904 19
1327 2866 1528 2914 ἐνδοτέρου
1544 2866 1573 2901 L
1645 2880 1712 2912 την
1729 2877 1797 2902 om.
1813 2867 1860 2902 W

245 2921 347 2959 ἄλλω
373 2922 402 2956 L
503 2927 544 2958 20
571 2925 698 2961 λίθιον
722 2924 751 2958 F
845 2927 1008 2971 περιθεῖ]
1035 2927 1120 2971 περὶ
1147 2928 1231 2962 θεὶσ
1255 2924 1283 2959 Ρ
1308 2923 1486 2960 ambiebat
1511 2923 1580 2958 Lat
1673 2937 1776 2970 ηωαν
1800 2923 1828 2959 Ρ
1853 2937 1921 2971 την

247 2977 347 3028 ἑῳάν
375 2980 515 3015 Bekker
609 2975 732 3027 ῥιίχην
757 2981 785 3015 L
880 2979 1049 3028 ἰσομήκει
1075 2981 1135 3016 PF
1231 2985 1270 3017 21
1298 2978 1395 3028 ἔχων
1420 2980 1474 3016 ed.
1503 2991 1554 3025 pr.
1647 2979 1700 3023 ἐν]
1726 2979 1771 3026 ἐμ
1797 2980 1823 3016 Ρ

1940 929 1980 963 10

1941 1270 1980 1303 1⁵
