2107 3402
857 197 1046 233 Praefatio.
1759 205 1788 237 V

288 308 435 366 at'vnfm
468 322 634 365 semper
665 313 803 352 tamen
837 316 947 353 recte
982 310 1057 366 ιι)ν
1089 316 1131 354 et
1162 311 1257 354 τὰσ.
1316 318 1381 355 est
1412 314 1482 355 ubi
1515 315 1682 357 ent-tisis
1714 318 1784 360 ad-

290 379 482 422 hibeatur
513 377 770 432 insolentior,
802 379 917 421 uelut
949 377 1092 420 πολλά
1125 378 1184 428 δε,
1218 378 1350 435 αὐτήν
1383 380 1427 421 δε
1461 382 1537 424 (XI
1567 396 1604 436 p.
1626 386 1692 438 530,
1717 389 1784 438 1153

287 460 325 502 p.
349 448 414 500 47,
438 448 507 495 22)
545 451 587 487 et
617 440 816 496 ἀριθμόσ
849 445 1003 494 αι’των,
1037 446 1179 487 δοκεῖν
1212 444 1386 496 autom,
1422 448 1578 489 armon
1609 447 1783 501 αι’-τοι·σ,

285 512 476 566 ἀδελφόν
518 511 650 553 αὐτου
698 513 776 565 (XI
817 526 852 567 p.
884 517 926 566 ϋ,
951 518 1024 567 21;
1075 518 1132 567 ll,
1162 517 1229 567 IS,
1254 516 1326 568 233
1370 515 1474 557 XIII
1515 530 1553 571 p.
1584 521 1679 573 153,
1708 523 1784 570 155).

283 579 624 635 compendiorum
655 579 886 634 scripturae
918 594 1016 623 usus
1052 587 1116 624 cst
1156 582 1314 636 nullus;
1355 583 1490 625 solum
1523 601 1543 625 ν
1575 584 1785 629 interdum

283 650 323 691 in
368 649 450 691 fine
496 660 641 691 uersus
691 647 847 691 lineola
896 649 1125 702 indicatur,
1180 650 1309 692 ueluti
1355 651 1625 695 καταλειπιῦ.
1699 655 1787 697 iota.

284 721 444 758 mutum
477 716 723 771 plerumque
755 715 978 769 omittitur,
1019 729 1096 759 nec
1127 718 1212 759 sere
1244 718 1343 770 poni
1373 719 1481 761 solet
1511 720 1590 762 nisi
1631 721 1671 762 in
1704 720 1785 764 fine

282 790 323 826 et
364 783 556 826 uocabuli
605 788 646 825 et
685 783 892 825 uersiculi.
968 800 986 822 ν
1023 783 1330 837 &palaeorum
1372 786 1499 829 ctiam
1545 794 1644 831 ante
1684 802 1779 832 con·

281 864 407 893 sonas
438 851 599 893 litteras
629 863 758 904 saepe
790 855 928 903 extat,
968 863 1052 903 qua
1082 851 1122 893 iu
1156 864 1199 894 re
1231 852 1420 896 codicem
1461 853 1689 908 diligenter
1719 870 1780 899 se-

283 923 402 960 cutus
433 932 536 960 sum.
595 918 685 973 ipse
716 918 904 960 codicem
937 919 1092 960 contuli
1127 919 1284 962 Romae
1315 933 1410 962 cum
1442 920 1628 966 editione
1659 924 1783 967 Rich—

281 986 444 1028 teriana
489 999 599 1028 anno
650 987 750 1026 1574
794 989 835 1027 et
877 988 1005 1039 1875;
1052 985 1180 1027 aliam
1227 987 1493 1031 collationem
1538 1004 1563 1032 a
1603 990 1784 1035 Rudolfo

283 1052 469 1095 Hercher
491 1066 585 1096 eum
610 1052 794 1096 editione
817 1053 1090 1096 Bekkeriana
1121 1053 1354 1097 institutam
1387 1056 1490 1098 mihi
1520 1057 1784 1102 tradiderunt

280 1120 484 1164 Hercheri
525 1121 722 1175 heredes,
768 1134 852 1173 qua
891 1133 957 1163 mc
997 1120 1110 1163 haud
1155 1121 1422 1166 mediocriter
1459 1125 1649 1168 adiutum
1689 1140 1783 1170 esse

283 1189 491 1245 profiteor.
543 1188 724 1241 (lenique
756 1189 809 1231 de
840 1188 943 1232 locis
973 1189 1135 1242 aliquot
1165 1188 1304 1232 dubiis
1336 1205 1403 1234 me
1433 1193 1651 1236 certiorem
1682 1195 1784 1238 fecit

281 1259 495 1312 Augustus
526 1257 636 1299 Mau.

277 1343 331 1357 =
363 1324 497 1367 codex
532 1325 837 1366 Laurentianus
876 1325 978 1378 plut.
1002 1325 1054 1365 69
1086 1323 1177 1367 eod.
1200 1326 1251 1365 20
1294 1325 1569 1380 bombycinus
1609 1330 1780 1373 saeculo

281 1392 366 1435 fere
405 1392 505 1434 XIV
545 1392 724 1446 scriptus
766 1392 951 1435 continet
996 1391 1295 1444 antiquitatum
1336 1392 1599 1438 Iudaicarum
1649 1397 1780 1441 libros

279 1460 434 1502 I—XV
451 1464 492 1502 et
508 1460 855 1502 Maccabaeorum
880 1460 1031 1502 librum
1055 1465 1264 1512 quartum.
1311 1467 1352 1503 et
1374 1474 1467 1504 cum
1489 1463 1574 1505 iam
1596 1464 1637 1505 in
1660 1478 1780 1519 prae-

278 1527 436 1569 fatione
468 1527 584 1569 uel-I
613 1541 648 1580 p.
667 1527 768 1569 Xtv
790 1527 841 1569 de
873 1541 922 1569 eo
955 1526 1149 1581 dixerim,
1183 1527 1250 1569 hic
1276 1541 1327 1570 ea
1346 1529 1482 1572 solum
1506 1531 1781 1576 memoranda

277 1600 392 1647 sunt,
425 1607 534 1648 quae
565 1595 620 1636 ad
651 1595 781 1638 libros
811 1595 1012 1636 XI-XV
1043 1595 1266 1648 pertinent.
1328 1602 1527 1639 exaratus
1559 1598 1686 1653 igitur
1717 1604 1781 1643 est

277 1675 361 1704 una
382 1675 520 1714 manu,
545 1675 653 1715 quae
675 1667 717 1704 et
737 1667 898 1704 textum
921 1661 1090 1716 scripsit
1112 1668 1154 1704 et
1175 1669 1295 1705 notas
1319 1664 1595 1719 marginales3
1628 1667 1779 1710 eadem

279 1729 419 1772 uarias
436 1728 638 1772 lectiones
659 1731 868 1784 apposuit,
891 1741 1000 1781 quae
1022 1729 1192 1782 quidem
1214 1734 1286 1772 aut
1305 1730 1348 1772 in
1370 1732 1558 1786 margine
1579 1739 1652 1776 aut
1671 1736 1781 1779 inter

281 1809 425 1840 uersus
457 1800 614 1839 extant.
676 1801 937 1839 correcturae
977 1802 1018 1839 et
1056 1810 1178 1839 rarae
1216 1804 1312 1840 sunt
1349 1811 1427 1841 nec
1466 1802 1777 1846 memorabiles.

277 1877 421 1917 margo
453 1864 611 1907 codicis
641 1877 772 1918 saepe
803 1864 965 1906 accisus
997 1868 1077 1917 est,
1119 1877 1202 1917 quo
1234 1865 1430 1909 effectum
1462 1873 1544 1922 est,
1577 1874 1621 1911 ut
1650 1874 1778 1914 notae

276 1932 532 1987 marginales
562 1931 773 1984 quaedam
804 1937 877 1974 aut
906 1935 1022 1975 totae
1042 1938 1116 1974 aut
1136 1937 1277 1987 partes
1299 1941 1612 1990 euanesceient,
1643 1938 1778 1981 rarius

272 2000 440 2055 Iosephi
484 2000 708 2042 uerborum
744 1999 978 2054 particulae
1008 1999 1235 2042 interirent.
1298 2003 1482 2044 ceterum
1513 2003 1675 2058 integer
1714 2010 1778 2048 est

275 2080 411 2120 neque
432 2068 543 2110 ullas
563 2079 714 2122 passus
735 2072 799 2109 est
818 2067 1015 2110 iacturas.
1059 2067 1217 2110 contuli
1237 2067 1330 2123 ipse
1351 2069 1591 2114 Florentiae
1612 2076 1776 2116 aestate

274 2136 374 2178 anni
410 2137 526 2178 1877.

131 2205 169 2244 3.
203 2201 243 2242 L
273 2222 328 2236 =
360 2203 495 2246 codex
528 2202 813 2245 bibliothecae
843 2202 1039 2257 publicae
1060 2201 1352 2256 Lugdunensis
1375 2205 1632 2250 Batauorum
1663 2208 1698 2249 F
1724 2211 1773 2250 13

270 2271 431 2314 saeculi
459 2271 548 2314 fere
567 2271 630 2312 XI
650 2275 724 2313 aut
743 2270 828 2312 XII
858 2270 1205 2313 membranaceus
1227 2271 1422 2314 foliorum
1445 2275 1540 2316 210.
1590 2275 1774 2329 paginae

273 2338 393 2381 binas
428 2339 658 2394 columnas,
691 2339 913 2382 columnae
937 2351 1083 2381 uersus
1114 2337 1438 2383 duodetricenos
1471 2340 1642 2384 habent.
1701 2357 1772 2386 ex-

270 2410 413 2449 aratus
441 2410 504 2449 est
523 2420 550 2449 a
569 2406 740 2448 librario
769 2419 853 2448 non
881 2405 1004 2448 nimis
1036 2405 1174 2460 docto,
1207 2406 1279 2461 qui
1308 2413 1507 2451 accentus
1535 2413 1577 2451 et
1597 2410 1771 2465 spiritus

269 2485 399 2528 saepe
430 2473 569 2516 omisit
600 2474 814 2526 multaque
844 2473 948 2515 uitia
978 2473 1200 2517 commisit.
1245 2474 1334 2518 iota
1365 2480 1525 2517 mutum
1554 2477 1643 2519 fere
1673 2490 1770 2520 nus-

270 2554 396 2595 quam
427 2544 564 2594 extat,
605 2558 625 2581 v
657 2538 964 2595 ἐφελκυστικόν
995 2555 1079 2585 non
1109 2555 1204 2584 raro
1235 2546 1334 2585 ante
1364 2555 1570 2586 consonas
1605 2544 1771 2589 litteras

267 2604 448 2664 ponitur.
496 2614 705 2652 correctus
727 2613 791 2652 est
811 2609 992 2664 primum
1013 2609 1068 2651 ab
1090 2609 1182 2664 ipso
1203 2608 1377 2652 librario
1407 2614 1450 2652 et
1479 2610 1534 2653 ab
1565 2612 1649 2655 alio
1681 2626 1769 2656 cor-

268 2680 428 2719 rectore
460 2676 548 2720 fere
582 2677 772 2730 aequali,
813 2677 884 2730 qui
922 2677 1026 2720 uitia
1063 2678 1279 2731 uulgaria,
1318 2678 1502 2722 maxime
1537 2679 1700 2723 litteras
1729 2684 1772 2722 ἦ

271 2747 295 2798 ἦ
332 2746 352 2786 ἱ
390 2759 431 2785 οι
464 2746 486 2784 ῦ
519 2744 628 2786 inter
656 2757 702 2787 se
737 2748 1014 2787 commutatas
1054 2748 1334 2787 correxerunt.
1395 2745 1472 2789 has
1511 2752 1770 2792 correcturas

268 2825 395 2854 manu
430 2815 443 2852 l
485 2812 621 2854 factas
661 2825 754 2854 esse
793 2811 898 2854 dico.
966 2813 1052 2854 alia
1090 2811 1279 2854 eiusdem
1323 2812 1491 2866 generis
1529 2815 1772 2859 emendauit

270 2892 416 2922 manus
446 2880 578 2922 multo
608 2880 825 2933 recentior,
863 2892 971 2932 quae
1002 2894 1048 2922 re
1079 2893 1180 2922 uera
1209 2893 1357 2923 manus
1387 2880 1511 2924 tertia
1540 2886 1654 2926 recte
1685 2883 1769 2926 dici

268 2951 427 3002 potest,
465 2960 492 2990 a
522 2960 588 2990 me
619 2951 761 2991 tamen
800 2961 948 2990 manus
984 2949 1118 2990 altera
1148 2949 1206 2999 (2)
1238 2947 1418 3002 dicetur3
1458 2948 1565 2993 haec
1604 2954 1646 2994 et
1683 2950 1770 2993 alia

142 1327 162 1364 Ιν

169 1357 177 1366 .

212 1323 252 1364 '³3
