2107 3377
309 203 391 242 384
752 202 913 246 ANTIQ.
937 202 1035 238 IUD.
1059 202 1127 238 XV
1151 205 1332 239 289—294
1355 205 1484 247 (v111.4.
1500 208 1531 246 5)

197 320 279 361 290
310 320 383 362 καὶ
413 318 588 372 μελιστὶ
629 315 847 367 διελόντες
877 315 1140 372 προύθεσαν
1169 320 1306 360 κυσίν.
1375 315 1543 372 ἑωρᾶτο
1586 316 1632 360 δὲ
1662 318 1849 368 πολλοῖς
1890 320 1978 361 τῶν

199 660 277 700 291

198 997 279 1037 292

198 1267 279 1308 293

198 1605 280 1646 294

308 386 506 429 πολιτῶν
536 383 591 427 τὰ
620 383 828 440 γινόμενα
859 386 931 427 καὶ
962 383 1254 442 κατεμήνυσεν
1286 379 1444 435 οὐδείς,
1483 383 1564 434 τέως
1590 381 1789 440 Ἡρώδου
1819 402 1979 441 πικρο-

309 456 439 510 τέραν
468 454 542 495 καὶ
575 451 827 510 φιλόνεικον
858 455 1128 506 ποιουμένου
1158 451 1236 508 τὴν
1269 451 1445 507 ἔρευναν
1477 449 1873 505 ἐκβασανισθεῖσαι
1902 470 1978 509 yv-

310 523 454 570 ναῖκές
484 535 600 570 τινες
631 517 922 577 ὡμολόγησαν
962 518 989 563 ἃ
1020 522 1280 575 πραχθέντα
1312 516 1444 562 εἶδον.
1511 520 1585 560 καὶ
1622 521 1710 562 τῶν
1748 520 1829 574 μὲν
1859 519 1980 576 ἔνερ-

309 587 538 644 γησάντων
578 586 746 643 ἐγένετο
787 591 981 644 τιμωρία
1021 588 1203 630 πανοικὶ
1244 585 1322 642 τὴν
1353 590 1630 641 προπέτειαν
1669 582 1812 632 αῧτιῦν
1852 587 1981 640 ἐπεξ-

314 655 478 707 ιόντος,
510 652 534 711 ἡ
569 651 609 696 δ’
637 653 826 712 ἐπιμονὴ
859 657 938 698 τοῦ
967 655 1149 705 πάθους
1177 656 1252 698 καὶ
1281 653 1330 697 τὸ
1356 656 1433 711 τῆς
1462 651 1575 709 ὑπὲρ
1605 656 1694 697 τῶν
1724 654 1870 710 νόμιον
1899 659 1981 699 πί-

312 738 450 773 στεως
482 718 821 780 ἀκατάπληκτον
860 718 909 766 οὗ
951 722 1104 780 ῥᾴδιον
1143 721 1289 765 ἐποίει
1326 720 1404 765 τὸν
1430 719 1649 779 Ἡρώδην,
1691 721 1730 765 εἰ
1767 722 1826 782 μὴ
1866 722 1980 778 μετὰ

310 791 460 849 πάσης
507 786 758 847 ἀσφαλείας
802 795 1004 848 κρατοίη,
1047 793 1121 834 καὶ
1162 790 1317 845 διέγνω
1366 789 1597 832 πάντοθεν
1641 791 1981 848 περιειληφέναι

310 860 360 902 τὸ
407 859 611 916 πλῆθος,
659 855 720 908 ὥς
763 857 822 916 μὴ
864 858 1210 913 νεωτεριζόντων
1256 857 1451 914 φανερὰν
1490 861 1702 913 γενέσθαι
1747 858 1826 917 τὴν
1863 854 1981 902 ἇπό-

312 942 484 969 στασιν.

427 1000 465 1038 5.
501 990 857 1050 Ἐξωχυρωμένης
896 984 971 1036 οὖν
1004 990 1123 1049 αὐτῷ
1165 996 1242 1050 τῆς
1272 992 1448 1042 πόλεως
1477 993 1556 1046 μὲν
1593 990 1681 1036 {m}
1722 994 1800 1051 τῆς
1832 988 1979 1051 αὐλῆς,

312 1062 357 1105 ἓν
386 1058 414 1119 ᾗ
447 1062 642 1119 διῃτᾶτο,
674 1064 752 1104 τοῦ
783 1061 831 1104 δὲ
863 1061 982 1117 ἱεροῦ
1012 1063 1065 1118 τῇ
1096 1062 1201 1116 περὶ
1231 1059 1280 1103 τὸ
1315 1055 1527 1117 φρούριον
1559 1055 1790 1117 ὀχυρότητι
1820 1059 1870 1104 τὸ
1903 1078 1981 1104 κα-

311 1130 522 1184 λούμενον
561 1125 803 1172 Ἀντωνίαν
847 1128 1210 1171 κατασκευασθὲν
1251 1123 1311 1171 δι’
1349 1123 1505 1180 αὐτοῦ,
1553 1131 1702 1183 τρίτον
1741 1129 1879 1171 παντὶ
1916 1130 1981 1184 τῷ

312 1199 406 1254 λαῷ
436 1197 515 1256 τὴν
545 1196 801 1252 Σαμάρειαν
842 1195 1019 1253 ἐνόησεν
1050 1195 1357 1250 ἐπιτείχισμα,
1398 1196 1586 1246 καλέσας
1615 1195 1694 1249 μὲν
1735 1190 1869 1251 αὐτὴν
1899 1199 1981 1239 Σε-

310 1265 500 1322 βαστήν,
542 1265 745 1319 οἰόμενος
787 1264 834 1307 δὲ
864 1262 976 1306 κατὰ
1006 1265 1084 1322 τῆς
1110 1263 1259 1318 χώρας
1298 1259 1425 1306 οὗδὲν
1457 1262 1639 1306 ἔλαττον
1679 1262 1982 1319 ἰσχυροποιεῖν

307 1324 386 1377 τὸν
405 1333 560 1385 τόπον,
593 1329 816 1386 ἀπέχοντα
846 1331 925 1386 μὲν
943 1328 1259 1387 Ἱεροσολύμων
1280 1333 1385 1386 μιᾶς
1410 1327 1515 1374 ὁδὸν
1536 1327 1714 1389 ἡμέρας,
1747 1327 1981 1388 εὔχρηστον

310 1396 351 1443 δ’
388 1397 496 1444 ὄντα
525 1403 598 1444 καὶ
629 1399 776 1444 κοινὸν
809 1399 886 1442 ἐπί
921 1415 969 1442 τε
998 1407 1093 1449 τοῖς
1133 1398 1177 1442 έν
1209 1401 1262 1456 τῇ
1294 1399 1427 1442 πόλει
1465 1400 1537 1442 καὶ
1568 1401 1622 1455 τῇ
1649 1397 1773 1456 χώρᾳ
1801 1398 1982 1457 γενησό-

309 1485 452 1523 μενον.
515 1470 580 1524 τῷ
612 1468 659 1511 δὲ
695 1468 822 1511 ἔθνει
853 1469 989 1510 παντὶ
1021 1466 1236 1525 φρούριον
1268 1466 1597 1524 ἐνῳκοδόμησεν
1637 1465 1686 1509 τὸ
1720 1465 1865 1510 πάλαι
1902 1466 1983 1521 μὲν

309 1536 578 1592 καλούμενον
596 1536 855 1591 Στράτωνος
886 1534 1067 1591 πύργον,
1100 1535 1378 1592 Καισάρειαν
1410 1531 1450 1577 δ’
1477 1531 1560 1577 ὑπ’
1589 1529 1724 1577 αὐτοῦ
1753 1550 1982 1591 προσαγο-

312 1608 485 1657 ρευθέν.
546 1603 590 1647 ἕν
621 1620 669 1646 τε
698 1606 762 1660 τῴ
792 1602 968 1659 μεγάλῳ
999 1602 1144 1659 πεδίῳ
1174 1604 1264 1645 τῶν
1286 1601 1527 1646 ἐπιλέκτων
1559 1602 1738 1645 ἱππέων
1768 1603 1874 1657 περὶ
1907 1597 1985 1645 0:1³2·—
2025 1628 2062 1641 ,μ
2089 1591 2093 1611 ³

308 1671 386 1716 τὸν
419 1668 742 1730 ἀποκληρώσας
769 1674 933 1727 χωρίον
962 1674 1212 1714 συνέκτισεν
1243 1669 1321 1713 έπί
1350 1687 1398 1713 τε
1427 1673 1481 1727 τῇ
1505 1674 1544 1713 Γ
1543 1671 1725 1727 αλιλαίᾳ
1748 1669 1874 1724 Γάβα
1904 1686 1982 1712 κα-

425 1822 445 1863 ξ
473 1821 537 1854 292
565 1818 610 1853 cf.
636 1817 717 1853 bell.
744 1817 820 1853 Iud.
846 1818 863 1852 I
884 1820 962 1853 402.

423 1942 709 1978 PFLAMVWE
719 1942 791 1976 Lat
802 1942 962 1977 Zonaras
986 1941 1003 1976 I
1028 1952 1063 1986 p.
1085 1943 1163 1976 432.

428 2004 443 2035 1
469 1994 713 2036 *διελόοντεσ
737 1998 766 2032 F
875 1995 1130 2045 *προῦθηκαν
1153 1997 1193 2032 Μ
1303 1994 1488 2042 *ἓωρᾱτω
1513 1996 1594 2031 LA¹
1704 1999 1724 2032 2
1749 1994 1840 2040 *τὰ]
1865 1999 1985 2034 ταῦτα

310 2068 466 2103 LAMW
569 2059 786 2113 *γενόμενα
813 2067 851 2100 Μ
967 2061 1127 2108 *οὖδείςΙ
1161 2075 1288 2100 rursus
1313 2064 1438 2108 incipit
1462 2064 1489 2098 P
1600 2061 1839 2112 πικρότερον
1862 2065 1895 2099 V

311 2127 330 2159 3
357 2122 556 2170 φιλόνικον
579 2123 608 2158 F
710 2126 730 2158 4
754 2125 885 2159 *τινεσ
909 2129 1086 2169 γυναῖκεσ
1111 2126 1156 2156 tr.
1182 2121 1221 2156 M
1322 2123 1450 2162 *τινες
1474 2130 1542 2155 om.
1569 2120 1599 2155 L
1700 2117 1766 2163 *ἁῚ
1791 2115 1821 2157 ὦ
1847 2122 1895 2156 W

312 2186 331 2216 5
357 2184 557 2217 *πανοικεὶ
586 2179 712 2221 AFW,
742 2180 766 2214 i.
793 2191 904 2223 marg.
931 2184 946 2215 ἰ’
967 2180 999 2213 Α
1105 2177 1343 2220 ἐπεξεόντων
1366 2177 1394 2211 Ρ
1427 2175 1658 2220 ἐπαξίοντοσ
1682 2177 1729 2212 W
1845 2182 1865 2213 6
1890 2178 1929 2216 δὲ
1951 2177 1985 2213 Ε

402 2234 604 2283 *ἐπιμονὴ]
629 2233 810 2283 ἐπιδρομὴ
827 2235 982 2270 LAMW
1001 2245 1199 2270 concursus
1216 2234 1287 2269 Lat
1357 2231 1517 2276 πάθους]
1539 2230 1712 2280 πλήθουσ
1730 2234 1985 2270 FLAMVWE

304 2293 440 2340 populi
463 2294 534 2328 Lat
637 2290 711 2330 *τὸ
738 2304 806 2329 om.
825 2293 857 2328 V
960 2295 1023 2338 τῆς
1049 2302 1115 2326 om.
1140 2291 1172 2325 E
1278 2292 1442 2332 πίστεως
1466 2301 1534 2325 om.
1560 2290 1592 2325 E
1698 2294 1715 2325 ἰ’
1742 2287 1816 2328 *οὗ
1841 2289 1984 2342 ῥᾴδιον]

311 2362 385 2386 non
417 2350 659 2385 remissiorem
691 2350 762 2385 Lat
799 2345 984 2397 ὀρρωδεῖν
1016 2347 1179 2391 Ernesti;
1216 2347 1299 2383 uide
1328 2346 1518 2382 Holwerda
1544 2357 1578 2391 p.
1599 2349 1654 2381 121
1798 2350 1818 2382 8
1851 2345 1984 2394 πάσης]

311 2409 495 2444 πλείονοσ
510 2406 765 2441 FLAMVWE
799 2440 802 2442 ,
850 2406 1023 2453 κρατοίη,
1049 2406 1088 2441 ol
1105 2414 1148 2439 ex
1167 2405 1214 2440 ωί
1239 2414 1331 2439 corr.
1349 2404 1383 2437 A
1406 2401 1557 2449 κρατώη
1580 2402 1693 2439 LVW
1716 2406 1872 2450 κρατῶν
1887 2402 1984 2438 PFE

425 2466 517 2499 *καὶ
541 2462 582 2509 δὴ
608 2460 704 2509 ἔγνω
730 2463 812 2497 coni
897 2466 917 2497 9
942 2459 1023 2504 *ὡς
1046 2458 1108 2506 μὴ]
1142 2465 1180 2495 ut
1206 2460 1275 2495 Lat
1360 2456 1603 2497 α’ποστασιάι·
1620 2459 1683 2494 LE
1708 2459 1805 2494 haud
1825 2459 1917 2495 male

315 2524 353 2556 11
379 2519 688 2566 ἐξωχυρουμένησ
712 2518 772 2554 PF
867 2512 945 2560 οὖν]
972 2514 1008 2553 ‹5'
1032 2516 1186 2552 LAMW
1281 2512 1404 2562 αὐλῆς]
1431 2513 1549 2562 αὖτῆσ
1574 2519 1690 2562 αυλῆσ
1714 2515 1742 2550 Ρ
1838 2519 1878 2550 12
1904 2519 1984 2560 τοῦ]

312 2579 355 2621 τῆ
381 2576 420 2610 Μ
513 2571 549 2611 δ’
570 2575 699 2610 LA¹W
794 2577 851 2621 τῇ]
878 2578 947 2621 τῆσ
971 2574 999 2609 Ρ
1094 2570 1302 2620 ὀχυρώτητι
1328 2573 1356 2607 L
1382 2568 1590 2619 ω’χυρότητι
1616 2573 1654 2607 Μ
1751 2574 1790 2608 13
1816 2567 1984 2609 άντωνία

312 2632 467 2666 LAMW
576 2628 621 2667 τὸ
646 2631 959 2668 κατασκευασθὲν
983 2631 1015 2665 V
1121 2625 1183 2673 δι’]
1216 2626 1284 2667 ὑπ’
1310 2628 1529 2665 FLAMVW
1638 2629 1782 2675 τρίτον]
1809 2631 1986 2666 τοιοῦτον

312 2688 466 2723 LAMW
568 2692 608 2723 14
632 2687 840 2735 ἐπενόησεν
862 2688 966 2723 LAM
996 2685 1136 2733 ἐπενόη
1161 2687 1207 2721 W
1311 2690 1350 2722 15
1377 2682 1555 2729 οἰόμενος
1580 2705 1622 2710 —-
1647 2682 1816 2727 ἔλαττον]
1848 2691 1988 2732 putans

313 2746 420 2780 etiam
451 2745 625 2792 prodesse
644 2745 864 2791 prouinciae
887 2744 958 2779 Lat
1071 2741 1214 2790 χώρας]
1243 2741 1378 2790 χώρασ
1402 2744 1573 2788 γίνεσθαι
1599 2743 1714 2777 τοῦτο
1739 2740 1894 2776 LAMW

314 2803 552 2850 ἰσχυροποιεῖ
582 2801 736 2836 LAMW
847 2805 886 2836 16
912 2799 1122 2847 εὔχρηστον
1146 2821 1189 2825 ——
1219 2804 1258 2835 13
1283 2796 1569 2848 ἐνῳκοδόμησεν
1599 2808 1666 2832 om.
1694 2797 1764 2831 Lat
1875 2801 1913 2832 17
1939 2798 1985 2845 τῆ

311 2857 420 2905 χώρα
452 2862 515 2894 καὶ
547 2861 591 2903 τῆ
624 2855 731 2895 πόλει
765 2861 811 2893 tr.
836 2857 868 2892 V
964 2859 1003 2892 18
1029 2853 1073 2893 τὸ
1100 2854 1288 2904 φρούριον
1316 2855 1345 2889 L
1437 2851 1730 2900 έιόικοδό,ιιησεν
1756 2853 1914 2888 PFA¹W

318 2918 357 2949 19
375 2911 421 2955 δ’]
440 2911 482 2950 δι’
498 2915 523 2948 Ρ
595 2918 637 2950 20
658 2919 708 2957 τε]
727 2915 764 2952 δὲ
781 2914 934 2950 LAMW
1006 2915 1103 2959 περὶ]
1122 2916 1199 2950 τῶν
1213 2915 1297 2960 περὶ
1316 2912 1397 2947 coni
1467 2914 1503 2945 ‘21
1527 2906 1816 2957 ιε’ποπληρώσασ
1830 2908 1984 2945 LAMW
2040 2919 2045 2926 ’

429 2971 652 3018 συνέκτησεν
677 2971 723 3005 W
824 2984 863 3007 τε
889 2971 950 3006 uix
975 2969 1121 3006 tolerari
1145 2972 1264 3014 potest
1359 2964 1483 3014 Γάβα]
1513 2964 1663 3014 >tamna
1691 2967 1753 3002 Fv
1778 2964 1929 3013 γάβαλα
1952 2963 1984 3001 L
