2107 3377
213 431 265 471 66

213 770 265 811 67

213 973 266 1014 68

214 1312 267 1354 69

278 21 321 110 s

297 181 352 220 84
803 183 965 228 ANTIQ.
990 184 1087 220 IUD.
1112 184 1183 220 XII
1207 187 1341 221 65—69
1366 188 1416 228 (ιι.
1433 187 1464 227 9)

295 296 498 351 κλιμένον
528 294 699 353 ωραίαν
731 295 842 351 εἶχεν
871 296 950 354 τὴν
981 293 1290 350 ἀποτύπωσιν,
1320 296 1370 340 τὸ
1405 293 1447 340 δ’
1473 296 1642 348 έξωθεν
1673 300 1966 354 περιηγμένον

298 363 363 407 έτι
393 365 561 418 μᾶλλον
592 367 655 420 τιιῦ
674 364 824 408 κάλλει
855 367 932 423 τῆς
953 363 1159 421 ἐργασίας
1189 364 1240 422 ἠν
1262 365 1632 447 ἐκπεπονημένον,
1665 361 1725 415 ὡς
1750 360 1828 407 ὑπ’
1855 361 1966 420 ὄψιν

296 432 369 474 καὶ
399 435 599 484 θεωρίαν
630 431 874 486 ε’ρχόιιενον.
936 431 1004 476 διὸ
1037 434 1111 476 καὶ
1140 433 1218 490 τὴν
1248 433 1328 487 μὲν
1350 430 1569 488 υπεροχὴν
1592 428 1857 489 ἀμφοτέρων
1877 435 1966 476 τῶν

295 501 441 555 μερῶν
472 495 620 550 ὀξεῖαν
652 502 880 554 συνέβαινε
909 504 1158 556 γίγνεσθαι,
1189 502 1262 544 καὶ
1292 500 1510 558 μηδεμίαν
1540 503 1704 556 γωνίαν
1735 502 1868 555 τριῶν
1891 495 1966 544 οὗ-

298 568 399 619 σιῦν,
432 565 492 617 ὥς
521 566 860 624 προειρήκαμεν,
893 569 997 623 περὶ
1027 567 1105 626 τὴν
1126 568 1383 624 μεταγωγὴν
1411 570 1488 625 τῆς
1508 567 1728 624 τραπέζης
1749 566 1968 611 ἐλάσσονα
2020 579 2021 582 ’

295 635 563 687 βλέπεσθαι.
624 633 883 678 ἐνδιέκειντο
915 635 962 678 δὲ
991 645 1090 687 ταῖς
1121 640 1336 689 σχοινίσιν
1366 637 1443 693 τῆς
1471 639 1647 689 τορείας
1678 636 1805 679 λίθοι
1827 636 1967 678 πολυ-

297 702 438 751 τελεῖς
468 701 750 759 παράλληλοι
780 702 995 758 περόναις
1021 712 1205 759 χρυσαῖς
1245 702 1318 746 διὰ
1349 702 1584 759 τρημάτων
1614 703 1968 759 κατειλημμένοι.

297 768 353 811 τὰ
385 765 427 811 δ’
454 768 498 812 ἐκ
529 770 721 824 πλαγίου
759 772 837 827 τῆς
868 770 1091 828 στεφάνης
1130 772 1202 814 καὶ
1240 769 1356 826 πρὸς
1394 767 1504 825 ὄψιν
1545 766 1832 813 ἀνατείνοντα
1870 764 1970 812 ὠῶν

299 836 344 879 ἐκ
375 838 509 880 λίθου
539 837 774 880 καλλίστου
805 842 1121 896 πεποιημένων
1150 841 1278 882 θέσει
1300 837 1655 895 κατακεκόσμητο
1678 837 1862 894 ῥάβδοις
1890 836 1970 892 τὴν

300 900 553 963 ἀναγλυφὴν
593 903 800 948 ἐοικότων
840 915 1049 959 πυκναῖς,
1097 909 1144 950 αἳ
1182 907 1287 962 περὶ
1326 905 1403 949 τὸν
1442 905 1596 948 κύκλον
1636 907 1714 962 τῆς
1752 903 1972 962 τραπέζης

299 972 485 1030 ε’ίληντο.
545 969 633 1016 ὗπὸ
676 972 723 1016 δὲ
760 972 838 1029 τὴν
876 975 963 1016 τῶν
1004 970 1102 1017 ιόιῦν
1142 974 1420 1018 διατύπωσιν
1452 976 1672 1030 στέφανον
1703 971 1971 1029 περιήγαγον

298 1040 341 1083 οἱ
371 1049 564 1094 τεχνῖται
595 1044 812 1083 παντοίου
842 1043 1016 1097 καρποῦ
1048 1041 1182 1099 φύσιν
1214 1041 1584 1097 ἐντετορευμένον,
1626 1037 1686 1091 ὦς
1717 1035 1972 1095 ἀποκρέμα-

298 1111 415 1150 σθαί
452 1124 501 1150 τε
538 1107 699 1162 βότρυς
737 1109 811 1150 καὶ
852 1109 1042 1162 στάχυας
1082 1105 1324 1167 ἀναστῆναι
1362 1112 1436 1153 καὶ
1467 1109 1574 1166 ῥόας
1606 1105 1971 1152 ἀποκεκλεῖσθαι.

297 1174 400 1224 τοὶ-ς
431 1175 478 1217 δὲ
510 1177 670 1225 λίθους
701 1174 765 1225 εἷς
796 1177 888 1218 πᾶν
917 1179 1042 1232 γένος
1072 1179 1159 1219 τῶν
1191 1180 1522 1234 προειρημένων
1553 1177 1749 1232 καρπῶν,
1781 1172 1842 1226 ὥς
1872 1173 1972 1218 ἑκά-

299 1258 403 1285 στου
443 1242 520 1300 τὴν
562 1243 727 1285 οἰκείαν
769 1241 1110 1287 ἐντετυπῶσθαι
1144 1244 1300 1300 χρόαν,
1353 1244 1691 1300 ἐξεργασάμενοι
1731 1243 1973 1301 συνέδησαν
2026 1237 2030 1241 ’

298 1312 362 1366 τιιῦ
390 1312 554 1389 χρυσιιιῦ
570 1311 674 1366 περὶ
707 1304 812 1367 όλην
842 1310 920 1366 τὴν
951 1311 1188 1367 τράπεζαν.
1247 1309 1336 1355 υπὸ
1371 1312 1417 1356 δε
1447 1311 1524 1355 τὸν
1555 1315 1774 1370 στέφανον
1805 1309 1974 1366 ὁμοίως
2027 1323 2036 1326 “
2064 1314 2065 1318 ’

297 1375 321 1433 ἢ
354 1379 443 1420 τῶν
479 1373 578 1420 ὠῶν
618 1377 827 1428 διάθεσις
866 1383 1090 1457 πεποίητο
1130 1382 1204 1424 καὶ
1243 1377 1268 1436 ἡ
1311 1382 1388 1436 τῆς
1426 1379 1690 1437 ῥαβδώσεως
1728 1373 1972 1437 ἀναγλυφή,

297 1447 372 1503 τῆς
401 1445 643 1528 τραπέζης
652 1441 726 1488 ἐπ’
763 1440 1017 1504 ἀμφότερον
1046 1451 1179 1504 μέρος
1217 1447 1329 1502 έχειν
1365 1446 1443 1506 τὴν
1475 1442 1609 1504 αυτὴν
1639 1449 1717 1503 τῆς
1746 1447 1974 1497 ποικιλίας

297 1515 384 1556 τῶν
423 1513 560 1570 έργων
596 1515 670 1557 καὶ
707 1514 1042 1571 γλαφυρότητος
1079 1519 1192 1559 θέαν
1231 1517 1652 1572 κατεσκευασμένης,
1693 1511 1753 1565 ὥς
1790 1515 1865 1558 καὶ
1893 1512 1974 1572 τὴν

296 1583 384 1624 τῶν
417 1578 562 1624 ἄλλων
593 1581 796 1636 κυμάτων
828 1585 960 1626 θέσιν
989 1585 1062 1627 καὶ
1094 1582 1172 1641 τὴν
1201 1585 1278 1640 τῆς
1300 1582 1522 1640 στεφάνης
1551 1582 1664 1639 μηδὲ
1697 1585 1775 1641 τῆς
1804 1584 1972 1638 τραπέ-
2018 1591 2020 1593 ’
2064 1594 2065 1597 ’

300 1649 371 1706 ζης
402 1645 475 1707 ἐφ’
503 1649 650 1706 ἕτερον
689 1653 823 1706 μέρος
861 1649 1234 1709 ἐναλλαττομένης
1271 1654 1505 1708 γίγνεσθαι
1544 1650 1775 1707 διάφορον,
1814 1649 1893 1707 τὴν
1924 1644 1967 1692 δ’

300 1714 434 1775 αὐτὴν
473 1714 572 1774 ἄχρι
610 1719 683 1761 καὶ
721 1720 809 1761 τῶν
849 1718 1000 1762 ποδιῦν
1038 1716 1149 1775 ὄψιν
1186 1721 1264 1776 τῆς
1303 1718 1623 1775 ἐπιτεχνήσεως
1659 1717 1971 1762 διατετάσθαι.
2020 1734 2035 1742 ·

414 1831 434 1874 ξ
461 1834 502 1865 65
528 1847 572 1859 =
596 1831 761 1866 Aristeas
785 1842 821 1876 p.
848 1834 902 1866 25.

414 1896 622 1955 pimvw
633 1920 703 1954 Lat

416 1981 426 2010 1
459 1973 569 2023 εἶχεν]
597 1973 671 2022 ἔχει
698 1977 727 2010 F
753 1973 850 2022 ἔχων
876 1976 906 2009 V
1002 1971 1264 2019 ἀποτύπωσιν-1
1290 1974 1518 2014 διατύπωσιν
1543 1977 1606 2011 FV
1632 1987 1712 2012 cum
1740 1978 1883 2014 Aristeu.

300 2031 344 2069 τὸ
371 2028 406 2069 δ’
433 2029 575 2076 ἔξωθεν
599 2033 864 2079 περιηγμένον]
887 2043 980 2078 pars
1003 2038 1121 2068 autem
1147 2044 1240 2076 quae
1264 2033 1422 2077 deforis
1438 2034 1642 2081 apparebat
1666 2035 1736 2069 Lat
1828 2034 1867 2072 δὲ
1892 2034 1972 2069 AW

413 2089 669 2136 περιημμένον
693 2090 721 2124 Ρ
814 2092 833 2123 3
859 2091 937 2125 τῶν
959 2091 1090 2134 μερῶν
1113 2100 1182 2124 om.
1201 2089 1230 2123 1⁴*
1324 2094 1344 2125 4
1369 2092 1543 2136 γίνεσθαι
1568 2091 1597 2126 F
1600 2090 1749 2126 LAVW
1843 2095 1862 2126 5
1888 2092 1975 2137 περὶ
2037 2076 2042 2086 ’

300 2179 366 2203 om.
391 2168 422 2203 L
515 2166 702 2206 ἐλάττονα
727 2169 756 2203 L
782 2165 942 2204 ἔλαττον
966 2168 1031 2214 FV
1123 2172 1142 2203 6
1168 2137 1389 2206 ἐν’(ῗιέκειντο
1416 2172 1447 2204 A
1539 2170 1578 2207 δὲ
1602 2181 1671 2206 om,
1697 2169 1744 2204 L¹
1768 2169 1850 2205 add.
1868 2169 1918 2204 L²

299 2231 383 2268 ταῖς
407 2227 592 2271 σχοινίσιν
616 2228 680 2271 τῆς
705 2226 870 2271 τορείας]
897 2226 933 2259 in
958 2224 1101 2260 modum
1123 2225 1270 2269 sunium
1289 2232 1395 2261 corno
1411 2228 1601 2271 factorum
1625 2226 1697 2262 Lat
1767 2232 1972 2273 σχοινεῖσιν

301 2307 369 2351 τῆσ
385 2305 390 2350 Ι
406 2306 570 2351 στορίασ
594 2303 622 2338 Ρ
717 2307 734 2337 7
761 2301 941 2350 περόναι
930 2307 955 2346 ]
981 2317 1075 2350 περ·
1089 2284 1179 2342 o‘afao‘
1203 2305 1233 2340 L
1325 2306 1616 2352 κατειλημμέναι
1641 2306 1669 2340 Ρ
1748 2308 1767 2340 8
1792 2306 1976 2352 πλαγείου
2016 2300 2036 2310 ’“

301 2361 328 2395 Ρ
421 2363 485 2397 καὶ
509 2372 579 2397 om.
605 2360 635 2395 L
727 2357 838 2408 πρὸς]
864 2356 929 2396 υπ’
955 2360 1052 2396 FLV
1144 2358 1409 2399 ανατείνονται
1428 2362 1473 2396 L¹
1567 2366 1587 2398 9
1614 2361 1892 2410 πεποιημένων,
1919 2376 1975 2399 ων
2024 2385 2034 2392 -

300 2441 323 2474 i.
342 2449 410 2475 ras.
435 2440 465 2475 L
558 2416 833 2486 κατακεκόσμτξ
853 2439 885 2474 V
996 2443 1036 2476 10
1063 2439 1113 2482 αἳ]
1139 2437 1174 2477 δ’
1195 2440 1229 2477 οἱ
1257 2440 1283 2475 Ρ
1309 2439 1348 2477 αἳ
1372 2442 1395 2476 i.
1412 2452 1483 2476 ras.
1501 2443 1534 2476 A
1559 2442 1597 2479 δὲ
1623 2442 1660 2478 οἱ
1683 2441 1731 2476 W
1842 2446 1879 2479 11
1907 2439 1975 2490 τὴν

300 2506 369 2531 om.
394 2496 422 2531 P
516 2489 766 2532 διατυπώσειν
789 2496 817 2530 Ρ
912 2496 1103 2543 στέφανον
1127 2508 1195 2533 om.
1221 2498 1292 2533 Lat
1382 2501 1421 2532 12
1446 2497 1798 2546 ἐντετορευμένο·ν1
1818 2501 1851 2533 Α
1874 2498 1974 2538 ἐντε-

301 2552 530 2600 τορευμένην
554 2552 584 2587 F
609 2551 927 2600 ἐντετορευμένον
951 2553 978 2587 Ρ
1003 2552 1322 2599 ἐκτετορευμιῖνου
1346 2554 1425 2588 LW
1528 2551 1848 2603 α’πὸκρίμνασθαί
1872 2556 1900 2592 Ρ
1925 2556 1972 2593 cf.

300 2609 347 2644 ad
371 2609 423 2643 III
454 2612 513 2644 171
612 2613 650 2644 13
677 2608 820 2656 στάχυσ
844 2609 908 2644 FV
1001 2606 1210 2656 α’ναστῆσαι
1238 2611 1268 2646 V
1368 2607 1469 2657 ῥοὰσ
1494 2611 1522 2644 F
1616 2608 1903 2659 α’ποκεκλῆσθαι
1926 2611 1975 2648 W

419 2668 458 2700 14
484 2662 632 2703 ἑκάστω
657 2666 755 2702 FLV
854 2670 891 2701 15
918 2669 1158 2703 τετυπιῦσθαι
1183 2667 1248 2703 FV
1353 2664 1477 2712 χροὰν
1502 2667 1562 2702 PF
1655 2666 1974 2715 ἐξεργασαμένοισ

302 2722 330 2756 P
405 2724 442 2756 17
469 2719 681 2766 διάθε-σισ,
705 2723 799 2758 inter
823 2737 838 2760 ε
867 2727 902 2758 et
925 2735 948 2760 σ
972 2733 1042 2759 ras.
1072 2726 1158 2759 1-2
1183 2724 1252 2759 litt.
1280 2723 1324 2758 W
1422 2726 1460 2759 18
1487 2727 1562 2769 τῆς]
1592 2727 1658 2770 τῆσ
1684 2738 1723 2761 τε
1750 2725 1777 2760 Ρ
1858 2725 1976 2771 ἐπαμ-

302 2774 483 2822 φότερον,
509 2790 554 2813 ον
579 2779 600 2813 i.
620 2789 688 2814 ras.
717 2778 745 2812 F
782 2775 838 2816 ὡσ
861 2775 928 2816 ἐπ’
953 2775 1180 2827 ἀμφότερον
1204 2779 1235 2815 V
1381 2779 1499 2827 μέρος
1529 2791 1598 2816 om.
1626 2781 1654 2814 F
1797 2784 1836 2817 19
1861 2795 1975 2820 κατα·

302 2834 561 2880 σκευασμιῗνησ
587 2835 665 2869 FL¹
690 2836 1042 2883 κατεσκευασμένην
1065 2837 1097 2872 V
1202 2838 1244 2870 20
1269 2832 1396 2873 ἄλλων
1419 2847 1488 2872 om.
1514 2836 1657 2872 FVLat
1683 2848 1762 2873 cum
1790 2839 1931 2874 Aristeu.

301 2890 404 2936 μηδὲ]
428 2887 522 2934 μετὰ
549 2891 661 2926 LAW
801 2894 838 2927 21
869 2891 1175 2940 ἐναλαττομένησ
1200 2892 1229 2926 F
1255 2887 1572 2940 εἷναματτοιιένησ
1598 2894 1673 2928 PW
1801 2895 1976 2941 γίνεσθαι

303 2946 399 2981 FLV
493 2945 570 2993 τὴν]
595 2950 657 2984 καὶ
684 2945 750 2994 τὴν
777 2949 805 2983 L
901 2951 943 2984 22
968 2947 1257 2996 έπιτεχνώσεωσ
1281 2949 1310 2984 F
