2107 3377
257 185 338 225 148
747 185 908 230 ANTIQ.
933 185 1032 222 IUD.
1054 185 1126 221 XII
1149 188 1226 222 433.
1252 188 1320 221 434
1341 187 1400 230 (xx.
1416 191 1448 229 2)

249 295 433 352 Ἰούδαν,
467 296 606 355 ἄνδρα
635 307 834 355 γενναῖον
863 300 937 342 καὶ
965 298 1332 356 μεγαλοπόλεμον
1363 297 1596 354 γενόμενον
1625 300 1698 342 καὶ
1727 300 1817 342 τῶν
1845 300 1924 342 τοῦ
1982 325 1986 334 ·

255 366 429 423 πατρὸς
460 366 645 410 ἐντολῶν
666 370 946 410 Ματταθίου
967 366 1168 425 μνήμονα
1196 368 1269 410 καὶ
1298 361 1444 410 πάνθ’
1469 363 1583 421 ὑπὲρ
1613 368 1690 424 τῆς
1718 367 1807 409 τῶν
1836 383 1924 410 πο-

140 439 227 480 434
256 436 390 478 λιτῶν
436 433 695 490 ἐλευθερίας
733 437 807 479 καὶ
849 435 1012 492 δρᾶσαι
1055 437 1129 478 καὶ
1169 437 1340 478 παθεῖν
1379 431 1654 477 ὑποστάντα.
1720 435 1924 485 τοιοῦτος

254 493 331 546 οὖν
359 501 438 560 τὴν
469 498 626 559 ἀρετὴν
664 499 868 559 ὑπάρξας
896 506 1102 559 μέγιστον
1133 498 1269 546 αὐτοῦ
1297 503 1422 552 κλέος
1451 503 1526 545 καὶ
1555 509 1767 558 μνημεῖον
1795 504 1923 545 κατέ-

254 571 398 623 λιπεν,
430 568 736 624 ἐλευθερώσας
764 570 814 614 τὸ
848 570 982 622 ἔθνος
1027 571 1100 614 καὶ
1139 572 1217 626 τῆς
1255 567 1344 613 ὕπὸ
1376 569 1639 612 Μακεδόσιν
1670 567 1926 626 ἐξαρπάσας
1951 578 1983 613 5·

255 633 362 681 αὐτὸ
398 637 613 688 δουλείας.
672 636 752 694 τὴν
783 633 826 681 δ’
854 634 1177 696 ἀρχιερωσύνην
1217 637 1314 688 ἔτος
1351 641 1501 693 τρίτον
1539 635 1768 691 κατασχών
1808 632 1923 680 ἆπέ-

251 707 404 750 θανεν.

365 827 733 864 PFLAMVWELat
743 829 903 865 Zonaras
926 829 944 864 Ῑ
966 841 1002 875 p.
1029 832 1106 864 375.

367 911 383 942 1
412 887 580 947 *ἰούδαέ
594 909 626 945 L
701 904 1058 970 *μεγαλοπόλεμρή
1084 904 1377 954 μεγαλότολμον
1402 907 1481 942 coni
1540 957 1553 963 Π
1567 909 1646 962 ²⁰3?
1669 916 1714 942 ex
1735 903 1808 944 τὸν
1831 916 1923 944 cort.

250 974 297 998 m.
316 966 336 1000 2
360 963 394 998 V
487 967 506 1000 2
534 967 766 1003 Ματταθίου
789 976 857 1000 om.
882 965 954 999 Lat
1056 961 1182 1001 πάντα
1204 963 1362 999 AMWE
1461 967 1483 998 4
1508 964 1588 1006 οὐν]
1611 964 1658 1009 ἠν
1680 963 1711 998 F
1735 962 1776 1000 δὲ
1798 962 1832 999 Ε

252 1015 456 1068 *ὓποῖρξασ
479 1019 547 1068 τὴν
569 1019 712 1070 ἄρετην
734 1026 779 1057 tr.
806 1022 853 1057 W
945 1021 1193 1058 *κατέλειπεν
1216 1020 1310 1055 PFL
1390 1024 1409 1055 5
1435 1017 1495 1063 τὸ]
1519 1017 1596 1068 γὰρ
1619 1016 1666 1056 τὸ
1690 1019 1724 1055 Ε
1819 1019 1924 1066 *τῆς1

252 1083 339 1115 τοῖσ
362 1078 442 1112 FW
513 1081 533 1114 6
559 1075 652 1116 αὐτὸ
671 1089 739 1114 om.
756 1077 915 1113 AMWE
985 1074 1092 1123 *τὴν1
1116 1079 1180 1114 καὶ
1204 1073 1320 1122 ‘cr‘JvV
1389 1072 1428 1113 δ’
1444 1087 1514 1113 om.
1540 1075 1795 1112 FLAMVWE

368 1135 679 1180 Subscriptiones:
705 1133 826 1182 λόγοσ
851 1126 894 1182 ᾗ
913 1135 942 1170 Ρ
968 1133 1128 1182 φλαυΐου
1152 1130 1323 1180 ἰωσήπου
1347 1133 1541 1181 ἰουδαϊκῆσ
1565 1129 1844 1181 οἷρχαιολογίασ
1868 1131 1926 1170 τέ·

252 1195 324 1229 λοσ
350 1194 422 1230 τοῦ
443 1185 486 1240 ᾗ)
516 1189 634 1239 λόγου
664 1191 694 1226 F
727 1191 888 1238 φλαυΐου
917 1193 1117 1238 (φλαουϊου
1140 1189 1184 1230 L)
1217 1187 1388 1236 ἶωσήπου
1419 1190 1613 1236 ἰουδαϊκῆσ
1646 1185 1925 1236 ἅρχαιολογίασ

249 1241 292 1295 ᾗ)
315 1247 422 1284 LAM
454 1253 570 1286 τελοσ
592 1245 763 1295 ἰωσήπου
787 1247 981 1294 ἰουδαϊκῆσ
1005 1243 1286 1294 ἅρχαιολογίασ
1309 1248 1379 1283 τοῦ
1403 1245 1618 1283 δωδεκάτου
1641 1243 1762 1293 λόγου
1784 1245 1832 1281 W
