2107 3377
301 223 355 261 22
783 221 946 267 ANTIQ.
973 221 1069 258 mn.
1095 221 1148 257 XI
1173 224 1306 258 92—96
1331 224 1434 265 (tm.
1450 224 1484 268 ⁵)

299 338 375 380 καὶ
405 336 630 393 Περσίδος
657 334 867 391 βασιλεὺς
899 335 1091 391 ἔγραψεν
1122 335 1412 392 οἰκοδομῆσαι
1450 333 1528 378 τὸν
1558 334 1675 386 ναόν,
1715 336 1788 378 καὶ
1819 333 1966 378 πάνθ’
2033 368 2040 372 -

302 399 388 448 ὅσα
417 403 658 461 μετήγαγεν
689 403 736 455 ἐξ
764 399 899 446 αὐτοῦ
930 403 1379 459 Ναβουχοδονόσορος
1419 398 1689 459 ἀναθήματα
1729 403 1801 445 καὶ
1842 402 1970 461 σκεύη

302 472 603 529 Ζοροβαβήλῳ
635 470 866 527 παραδοὺς
894 472 967 514 καὶ
998 468 1266 528 ΠΙιθριδάτῃ
1305 473 1368 527 τῷ
1398 470 1668 527 γαζοφύλακι
1699 469 1973 525 προσέταξεν

302 543 482 594 κομίσαι
516 539 578 590 εἰς
605 537 890 595 Ἱεροσόλυμα
920 541 993 583 καὶ
1024 539 1162 582 πάλιν
1193 538 1257 589 εἰς
1285 538 1362 582 τὸν
1393 538 1510 581 ἴδιον
1541 533 1974 594 ἀποκατασταθῆναι

218 612 271 653 93
303 607 410 651 ναὸν
441 606 807 664 οἰκοδομηθέντα.
867 609 997 650 τοῦτο
1027 606 1110 663 γὰρ
1143 606 1395 649 ἐπέστειλεν
1427 605 1471 649 ἐν
1501 605 1622 659 τάχει
1651 607 1864 661 γενέσθαι
1884 609 1973 649 Σα-
2002 617 2021 648 5
2068 630 2069 633 =

300 675 498 732 βάσηρον
536 675 742 726 κελεύσας
787 671 1012 730 ἀναβάντα
1058 673 1121 725 εἷς
1154 671 1436 728 Ἱεροσόλυμα
1474 676 1552 732 τῆς
1597 672 1855 728 οἰκοδομίας
1894 676 1972 717 τοῦ

303 750 410 792 ναοῦ
439 747 728 805 ποιήσασθαι
758 742 990 800 πρόνοιαν.
1051 741 1100 793 ὃς
1129 741 1240 796 μετὰ
1271 741 1320 785 τὸ
1346 743 1497 796 λαβεῖν
1517 740 1642 797 παρὰ
1665 740 1813 797 Κύρου
1833 740 1973 797 γράμ-

302 833 443 870 ματα,
483 812 842 871 παραγενόμενος
881 806 1016 861 εὐθὺς
1057 809 1160 861 τοὺς
1197 811 1436 864 θεμελίους
1475 809 1763 864 κατεβάλετο,
1809 810 1883 852 καὶ
1929 807 1977 860 ἐξ
2065 824 2067 833 ’

304 882 468 926 ἐκείνου
508 885 587 926 τοῦ
613 881 772 938 χρόνου
802 874 1231 932 κατασκευαζόμενος
1260 880 1387 933 μέχρι
1418 878 1490 920 καὶ
1521 879 1598 919 τοῦ
1631 877 1758 930 δεῦρο
1791 875 1865 920 διὰ
1896 875 1974 933 τὴν

219 952 273 992 94
303 952 391 994 τῶν
422 949 595 1006 ἐχθρῶν
624 946 896 1005 κακοήθειάν
918 945 1037 989 ἐστιν
1060 941 1230 1001 ἀτελής.
1281 944 1320 988 εἰ
1351 949 1499 988 τοίνυν
1517 944 1740 1000 βούλεσθε
1758 945 1831 987 καὶ
1855 943 1975 987 δοκι·
2007 954 2044 990 1⁰

303 1018 474 1074 μάζετε,
505 1015 708 1075 γράψατε
729 1018 868 1058 ταῦτα
890 1017 1082 1070 Δαρείῳ,
1115 1008 1240 1064 ὅπως
1263 1011 1619 1067 ἐπισκεψάμενος
1647 1011 1704 1055 τὰ
1735 1013 1823 1055 τῶν
1842 1015 1975 1067 βασι·
2063 1009 2065 1012 ’

306 1088 416 1129 λέων
448 1083 744 1142 ὑπομνήματα
777 1078 877 1139 εὕρῃ
911 1082 1044 1139 μηδὲν
1075 1079 1190 1139 ἡμᾶς
1220 1076 1281 1123 ὦν
1303 1081 1484 1136 λέγομεν
1512 1081 1975 1135 καταψει·σα,ιιένους.“

221 1157 273 1194 95
421 1158 459 1196 5.
497 1148 632 1196 Ταῦτ’
670 1151 888 1195 εἰπόντων
928 1152 1005 1192 τοῦ
1044 1165 1092 1191 τε
1121 1147 1436 1205 Ζοροβαβήλου
1471 1150 1544 1191 καὶ
1575 1150 1654 1191 τοῦ
1685 1143 1920 1203 ἀρχιερέως
1950 1144 1973 1191 ὃ

305 1225 510 1278 Σισίννης
539 1222 610 1264 καὶ
645 1221 687 1264 οἱ
710 1218 789 1262 σὺν
811 1213 932 1273 αὐτῷ
952 1215 1031 1274 τὴν
1051 1216 1130 1271 μὲν
1153 1215 1410 1270 οἰκοδομίαν
1433 1214 1631 1269 ἐπισχεῖν
1653 1211 1702 1258 οὗ
1733 1215 1975 1272 διέγνωσαν

306 1289 388 1340 ἕως
418 1282 471 1331 ἂν
501 1290 641 1331 ταῦτα
680 1287 865 1344 δηλωθῇ
894 1287 1095 1340 Δαρείῳ,
1135 1285 1405 1339 παραχρῆμα
1437 1278 1478 1325 δ’
1506 1280 1626 1339 αὐτῷ
1665 1285 1769 1340 περὶ
1809 1283 1978 1327 τούτων
2008 1292 2045 1326 15
2104 1271 2107 1301 ³

221 1360 273 1399 90·
308 1356 523 1413 ἔγραψαν.
583 1357 671 1397 τῶν
703 1354 750 1397 δὲ
774 1349 1001 1397 Ἰουδαίων
1031 1347 1371 1408 κατεπτηχότων
1400 1352 1474 1394 καὶ
1506 1350 1716 1394 δεδιότων
1750 1350 1809 1409 μὴ
1840 1367 1977 1406 μετα-

306 1424 411 1481 δόξῃ
450 1425 515 1480 τῷ
552 1423 731 1478 βασιλεῖ
769 1421 873 1475 περὶ
912 1422 990 1478 τῆς
1027 1421 1115 1462 τῶν
1142 1416 1453 1474 Ἱεροσολύμων
1491 1420 1565 1462 καὶ
1596 1420 1673 1461 τοῦ
1705 1420 1813 1462 ναοῦ
1842 1435 1978 1462 κατα-

306 1493 480 1548 σκευῆς,
522 1487 646 1541 ὄντες
683 1489 794 1532 κατὰ
827 1487 904 1531 τὸν
933 1486 1089 1543 καιρὸν
1121 1486 1285 1530 ἐκεῖνον
1316 1486 1392 1529 δύο
1426 1488 1660 1544 προφῆται
1689 1481 1800 1542 παρ’
1828 1481 1979 1538 αὐτοῖς

299 1555 508 1616 Ἀγγαῖος
546 1559 620 1601 καὶ
658 1560 886 1614 Ζαχαρίας
923 1559 1112 1612 θαρρεῖν
1153 1551 1312 1605 αὐτοὺς
1351 1554 1608 1611 παρώρμων
1646 1555 1718 1597 καὶ
1757 1554 1894 1612 μηδὲν
1933 1553 1978 1598 ἐκ
2105 1610 2107 1612 q

304 1629 392 1669 τιῦν
422 1628 610 1682 Περσῶν
640 1623 906 1682 ὑφορᾶσθαι
937 1623 1163 1676 δύσκολον,
1203 1620 1264 1673 ιῦς
1301 1625 1380 1665 τοῦ
1419 1625 1532 1666 θεοῦ
1562 1625 1703 1666 ταῦτα
1739 1622 1980 1677 προλέγον-
2009 1628 2048 1664 w
2103 1615 2107 1641 ³

420 1751 441 1793 ξ
467 1752 509 1784 92
535 1765 579 1777 =
607 1752 636 1783 1.
654 1748 749 1783 Esra
766 1747 816 1782 VI
846 1750 897 1783 16.

418 1873 744 1909 PFLAVWELat
756 1872 916 1908 Zonaras
941 1871 957 1906 I
982 1881 1016 1915 p.
1044 1873 1122 1905 314.

424 1935 437 1965 1
464 1928 699 1977 βασιλεύσασ
712 1929 794 1964 WE
864 1927 1159 1974 οἰκοδομηθῆναι
1184 1926 1398 1962 FLAVWE
1425 1932 1524 1962 ut-
1542 1926 1842 1972 reaedificaretur
1865 1927 1934 1962 Lat

306 1985 376 2024 τὸν
402 1984 509 2030 ναὸν]
541 1985 586 2023 τὸ
622 1983 729 2033 ἱερόν
753 1984 834 2020 WE
973 1982 1100 2021 πάντα
1129 1983 1312 2019 FLAVW
1452 1986 1471 2018 2
1494 1980 1718 2030 μετήγαγεν]
1750 1979 1980 2030 μετήνεγκεν

305 2044 485 2080 FLAVW
511 2043 646 2080 extulit
670 2043 741 2078 Lat
856 2044 876 2077 2
901 2038 1323 2088 ναβουχαδανάσσαροσ
1347 2040 1424 2075 PW
1451 2037 1845 2087 ναβουχαδανάσαροσ
1868 2039 1918 2073 A²

308 2105 326 2137 3
352 2097 622 2148 ζοροβαβήλω,
646 2097 668 2146 η’
692 2100 715 2135 i.
734 2109 805 2134 ras.
831 2109 876 2134 m.
904 2100 924 2132 2
949 2098 978 2132 L
1003 2096 1256 2143 ζοροβαβέλω
1279 2096 1344 2131 FV
1438 2100 1458 2131 4
1482 2098 1687 2141 κομίσασιν
1712 2100 1744 2131 Α
1767 2097 1979 2140 κομίσωσιν

306 2158 353 2193 W
452 2160 517 2194 καὶ
541 2167 609 2192 om.
637 2155 717 2190 AW
832 2150 1212 2199 ἀποκατασταθῆναι]
1238 2148 1553 2198 ἀποκαταστῆσαι
1579 2153 1726 2188 LAVW
1751 2153 1981 2188 restituerent

308 2215 380 2250 Lat
471 2219 490 2250 5
518 2211 765 2261 Σαβάσηρον]
792 2209 1068 2259 σαναβάσαρον
1093 2210 1122 2244 L
1148 2204 1426 2257 σαβανιίσαροι·
1442 2209 1509 2244 ΑΕ
1535 2209 1608 2244 eti.
1627 2219 1738 2255 marg.
1757 2209 1785 2244 P
1810 2204 1981 2257 ἅβάσσα-

310 2285 380 2317 ρον
396 2271 427 2306 V
445 2268 749 2318 σαβανάσσαρον
765 2268 812 2303 W
834 2268 1054 2304 sabassirum
1079 2265 1152 2302 Lat
1174 2261 1390 2314 Ἀβεσσάρῳ
1415 2276 1526 2311 supra
1551 2269 1570 2309 ξ
1593 2270 1629 2303 11
1726 2269 1747 2302 6
1773 2265 1982 2312 οἰκοδομῆσ

309 2351 341 2386 Ε
440 2355 456 2384 ἵ
484 2347 603 2398 παρὰ]
629 2346 676 2386 τὰ
701 2344 778 2385 ὑπὸ
805 2347 918 2382 LAW
1027 2349 1046 2381 8
1071 2342 1330 2393 κατεβάλλετο
1357 2345 1421 2379 LA
1445 2325 1670 2392 καταβάλλέ
1688 2344 1721 2381 V
1745 2341 1908 2391 ἐβάλετο
1934 2343 1982 2379 W
2048 2350 2049 2353 ’

309 2405 492 2454 ἐβάλλετο
519 2407 551 2442 Ε
645 2408 665 2439 9
689 2407 753 2441 καὶ
777 2414 845 2440 om.
872 2403 904 2438 E
1012 2406 1064 2438 >10
1090 2400 1330 2448 *κακοήθιαν
1354 2402 1398 2436 P¹
1518 2406 1554 2437 11
1582 2396 1733 2443 *gruum
1758 2413 1844 2438 πωσ
1867 2401 1892 2436 i.
1908 2410 1981 2436 ras.

311 2474 356 2499 m.
376 2467 395 2498 2
420 2464 447 2498 P
541 2462 771 2510 *βασιλέων,
797 2474 817 2496 ν
841 2470 884 2495 ex
909 2472 932 2496 σ
956 2470 1050 2495 corr.
1075 2459 1105 2494 L
1203 2462 1243 2494 12
1267 2458 1601 2504 κατεψευσμένουσ
1618 2458 1699 2494 WE
1796 2460 1836 2492 13
1861 2459 1982 2494 ταῦτα

312 2542 494 2578 FAVWE
519 2521 588 2579 ταξ]
612 2542 642 2577 L
759 2542 827 2577 *τε
853 2550 921 2576 om.
948 2539 1041 2574 PFV
1157 2537 1451 2585 *ζοροράβέλου
1476 2537 1539 2572 FV
1660 2541 1700 2572 14
1724 2537 1925 2583 *σισσίνησ
1950 2535 1981 2572 F

314 2600 459 2645 σισίνησ
484 2599 565 2633 A¹V
591 2598 763 2634 sisinnius
789 2597 858 2632 Lat
973 2596 1050 2640 *οη
1079 2592 1099 2632 ὁ
1126 2595 1171 2630 P¹
1286 2595 1426 2629 litterae
1450 2590 1522 2639 *ἢν
1545 2593 1615 2637 μὲν
1641 2593 1679 2629 οἰ
1701 2593 1723 2628 i.
1749 2603 1819 2628 ras.
1845 2593 1983 2629 minore

312 2667 358 2691 m.
378 2659 397 2689 2
423 2655 449 2689 P
543 2655 639 2699 *μὲν
664 2665 732 2690 om.
758 2653 820 2688 FL
915 2649 1121 2698 οἰκοδομὴν
1144 2651 1212 2686 ΑΕ
1317 2646 1390 2687 *οὗ
1414 2661 1482 2686 om.
1509 2649 1577 2683 Lat
1681 2652 1719 2684 15
1745 2650 1907 2698 Δαρείῳ]
1934 2651 1986 2686 τῶ

313 2715 463 2759 βασιλεῖ.
486 2714 626 2758 ὁαρείω
651 2713 683 2746 A
707 2714 859 2758 βασιλεῖ
881 2710 1020 2756 δαρείω
1039 2708 1084 2743 W
1110 2708 1188 2754 νοοῖ
1213 2707 1318 2742 dario
1344 2707 1410 2742 Lat
1481 2706 1519 2742 δὲ
1538 2705 1617 2741 WE
1691 2707 1731 2740 16
1755 2708 1859 2741 *τῶν
1883 2706 1921 2743 δὲ
1938 2725 1983 2732 -

312 2766 362 2814 μὴ
388 2782 482 2812 μετα
515 2778 581 2803 om.
610 2769 640 2803 L
779 2763 1195 2812 *κατε---πτηχότων,
1221 2778 1258 2800 τε
1285 2764 1430 2809 scripsit
1453 2773 1498 2798 m.
1525 2765 1544 2796 2
1570 2762 1598 2796 Ρ
1630 2761 1984 2809 καταπεπτηχότων

313 2825 375 2859 Fv
448 2823 674 2869 *μεταδόξῃ-1
700 2822 809 2867 δόξει,
836 2836 865 2860 ει
884 2824 906 2858 i.
925 2833 994 2858 ras.
1014 2834 1058 2857 m.
1079 2825 1097 2856 2
1117 2822 1145 2856 L
1241 2824 1279 2855 Π
1307 2823 1413 2856 ’τῶν
1431 2816 1707 2865 Ἱεροσολύμων
1730 2821 1794 2854 καὶ
1819 2830 1887 2854 om.
1914 2819 1986 2855 Lat

430 2884 508 2922 τοῦ]
535 2884 603 2926 τῆσ
630 2884 696 2916 τοῦ
722 2879 982 2915 P²FLAVWE
1113 2881 1152 2913 18
1179 2874 1327 2919 *ὄντες1
1353 2874 1466 2913 ὅντεσ
1490 2875 1528 2912 δὲ
1552 2875 1601 2909 1³²
1724 2871 1820 2920 παρ’
1839 2871 1984 2917 αὐτοῖο,

316 2951 339 2974 σ
363 2936 444 2972 add.
463 2948 507 2971 tn.
528 2941 546 2971 2
572 2938 602 2971 L
679 2941 716 2971 19
742 2933 1006 2983 *παρώρμουν
1028 2932 1073 2977 (ω’
1091 2946 1135 2970 ex
1154 2932 1175 2970 ό
1194 2944 1284 2970 corr.
1304 2933 1346 2976 L)
1365 2933 1439 2968 ΡΙ,ι
1458 2936 1553 2968 etex
1571 2942 1662 2967 corr.
1681 2931 1710 2965 1³
1783 2935 1825 2967 20
1851 2932 1985 2980 προλέ-

316 2994 463 3042 γοντος]
491 2993 751 3039 προλέγονιοσ
777 2989 910 3029 αι’·τοῖσ
935 3000 995 3029 (οσ
1022 2987 1156 3029 αι’·τοῖσ
1180 2991 1202 3025 i.
1221 3001 1289 3026 ras.
1309 2991 1443 3025 minore
1462 3001 1505 3024 m.
1525 2992 1545 3023 ‘2
1572 2988 1612 3029 P)
1637 2988 1812 3023 PLAVW
