2029 3392
841 196 1031 232 Praefatio.
1613 199 1765 234 XXXIX

99 311 182 353 XII
205 312 426 352 2-10—249
448 312 502 365 (p.
525 312 616 363 113,
636 311 687 350 213
705 315 783 361 sq.)
815 310 1084 351 obseruatum
1108 315 1190 363 est;
1225 310 1282 352 ibi
1314 311 1423 352 enim
1445 310 1572 352 alium
1602 319 1763 356 senten-

99 380 250 421 tiarum
281 377 466 421 ordinem
501 376 674 419 exhibet
709 382 835 429 atque
869 377 908 418 in
941 377 1116 419 Graecis
1156 382 1230 420 est.
1291 376 1471 429 denique
1514 378 1553 418 in
1592 378 1765 422 historia

100 446 301 500 Estheris,
332 458 439 498 quae
470 444 565 486 libri
588 444 646 485 XI
679 449 841 499 partem
873 444 1045 497 obtinet,
1078 445 1285 487 interdum
1313 459 1393 486 non
1418 445 1656 498 Iosephum,
1688 448 1763 489 sed

96 513 282 557 codicem
306 525 468 554 sacrum
494 517 662 554 secutus
693 516 768 563 est,
804 516 845 553 ut
876 511 964 553 dixi
995 512 1055 554 XI
1078 514 1159 553 210
1181 514 1238 566 (p.
1259 516 1324 564 45,
1345 515 1410 563 11)
1434 518 1475 554 et
1498 515 1577 553 273
1590 526 1652 567 sq.
1700 514 1764 556 his

97 581 223 632 igitur
239 579 427 633 efficitur,
451 584 493 621 ut
516 580 719 633 interpres
744 578 798 621 ad
817 579 980 622 Graeca
999 579 1266 622 emendanda
1289 580 1459 621 minoris
1481 579 1535 621 sit
1557 580 1763 623 utilitatis.

212 647 383 689 Minoris
400 653 495 689 sunt
512 647 708 688 momenti
727 660 888 689 errores
905 646 1091 701 quidam,
1111 647 1330 699 dequibus
1348 648 1429 689 iam
1447 647 1487 689 in
1506 649 1764 701 praefatione

95 715 152 757 ad
174 715 253 758 uol.
276 715 293 757 1
315 728 354 769 p.
378 715 449 757 LV
471 715 572 768 dixi,
595 714 762 756 ridiculi
785 715 925 768 potius
949 728 1073 768 quam
1096 728 1260 768 graues,
1286 716 1401 757 uelut
1423 714 1533 767 quod
1557 715 1658 757 XIX
1688 720 1761 756 ΗΚ

94 782 154 836 (ρ.
177 785 270 836 235,
299 784 362 832 19)
395 781 577 838 Στήλας,
612 781 724 835 quod
756 787 820 824 est
850 783 986 824 Stella
1016 795 1264 836 cognomen,
1296 789 1457 825 statuas
1490 795 1583 824 esse
1615 783 1761 825 uoluit.

91 849 344 892 contrarium
386 850 559 903 accidit,
608 854 652 892 ut
691 849 806 890 aliud
847 850 1101 892 uocabulum
1143 849 1322 892 hominis
1363 863 1515 892 nomen
1558 863 1651 892 esse
1690 864 1765 905 pu-

92 920 220 971 taret,
254 917 396 960 XVIII
419 921 470 960 85
503 918 559 972 (p.
583 920 672 969 155,
698 916 763 971 3),
795 917 866 958 ubi
898 918 939 958 in
972 917 1144 960 Graecis
1177 918 1376 970 legimus:
1418 917 1652 972 συστρέφει
1683 917 1762 971 γὰρ

91 980 247 1034 αὖτοὺς
278 980 384 1039 ἀνὴρ
417 984 460 1026 ἐν
491 986 624 1040 ὀλίγῳ
655 983 704 1025 ἰὸ
741 986 906 1036 ψεῦδος
938 984 1127 1036 θέμενος
1165 984 1237 1026 καὶ
1268 979 1344 1040 ἐφ’
1392 979 1525 1040 ἡδονῇ
1558 984 1762 1040 πληθύος

90 1053 303 1105 τεχνάζων
333 1051 388 1094 τὰ
420 1051 577 1099 πάντα,
611 1050 794 1093 κελεύων
827 1052 900 1093 ἐπὶ
933 1050 981 1093 τὸ
1015 1052 1214 1106 Γαριζεὶν
1248 1048 1349 1105 ὅρος
1381 1052 1498 1107 αὐτῷ
1532 1052 1762 1094 συνελθεῖν

92 1119 195 1176 κτλ.,
217 1134 324 1176 quae
347 1121 388 1163 in
411 1120 571 1163 Latinis
593 1121 699 1163 haee
721 1123 835 1163 sunt:
866 1120 941 1161 hos
967 1122 1074 1161 enim
1091 1121 1299 1175 periret-lit
1320 1121 1387 1160 uir
1410 1119 1575 1175 quidam
1597 1122 1766 1161 mentiri

86 1201 169 1243 pro
199 1188 328 1229 nihilo
359 1187 545 1229 iudicans
579 1186 764 1240 Cafedon
795 1190 978 1237 nomine,
1018 1189 1091 1244 qui
1130 1201 1286 1228 omnem
1312 1187 1475 1242 plebem
1504 1188 1763 1228 suasionibus

91 1255 332 1312 artificiosis>-
362 1256 609 1302 induxerat,
644 1263 687 1296 ut
719 1257 757 1295 in
790 1262 966 1297 montem
1001 1254 1179 1297 Gar-izin
1212 1269 1351 1296 omnes
1382 1262 1654 1296 occurrerent
1682 1260 1760 1298 etc.

92 1337 143 1366 eo
173 1328 313 1366 tamen
346 1324 478 1365 ualuit
508 1323 739 1378 Capbedon
776 1324 870 1377 ille,
908 1328 954 1366 ut
984 1323 1291 1366 demonstraret
1329 1320 1438 1376 κάφ’
1470 1318 1603 1378 ἡδονῇ
1636 1324 1758 1366 inter-

92 1397 254 1447 pretem
285 1391 486 1434 habuisse
517 1391 559 1432 in
591 1391 736 1433 codiee
767 1404 984 1446 paruaque
1019 1392 1118 1434 inde
1156 1392 1263 1433 sumi
1303 1394 1470 1446 poterat
1509 1390 1759 1434 emendatio.

90 1461 222 1502 uitam
263 1459 304 1502 in
342 1459 503 1501 Latinis
542 1472 623 1501 non
664 1459 803 1501 inesse
842 1460 924 1501 iam
968 1460 1119 1501 monui.
1192 1464 1412 1513 praeterea
1452 1471 1503 1501 ex
1544 1458 1760 1501 codicibus

90 1527 232 1569 latinis
263 1526 510 1569 exciderunt
542 1539 650 1579 quae
680 1526 722 1567 in
752 1526 915 1580 graecis
947 1530 1043 1568 sunt
1075 1527 1174 1568 XVI
1203 1540 1243 1580 p.
1267 1530 1332 1580 32,
1360 1528 1536 1578 15-34,
1563 1530 1624 1567 14.

201 1595 291 1636 Iam
324 1608 424 1636 uero
456 1593 646 1636 condicio
679 1594 839 1647 LatinI,
877 1592 930 1636 de
961 1606 1046 1647 qua
1075 1608 1184 1636 nune
1226 1594 1449 1636 dicendum
1481 1598 1567 1646 est,
1609 1593 1759 1634 similis

88 1666 152 1705 est
182 1662 424 1716 Epitomae;
465 1674 562 1703 nam
599 1673 693 1702 cum
730 1660 826 1702 aliis
865 1661 970 1702 alibi
1009 1661 1224 1704 codicibus
1257 1662 1474 1704 consentit.
1537 1667 1578 1704 et
1608 1665 1653 1703 ut
1683 1675 1761 1715 par

88 1733 153 1772 est
182 1729 225 1772 in
255 1733 362 1772 teste
392 1734 479 1770 tam
509 1729 707 1781 antiquo,
747 1728 818 1780 qui
848 1729 1096 1782 superstites
1138 1728 1305 1771 codices
1342 1732 1553 1771 uetustate
1592 1736 1761 1782 superat

88 1809 247 1848 omnes,
277 1796 488 1839 interdum
517 1796 633 1838 solus
658 1795 829 1850 Iosephi
850 1796 982 1838 uerba
1006 1795 1248 1851 incorrupta
1273 1796 1471 1847 seruauit,
1495 1800 1541 1838 ut
1555 1796 1662 1838 XIII
1678 1799 1758 1837 424

87 1867 142 1920 (p.
164 1867 260 1918 231,
282 1863 326 1917 7)
360 1862 541 1905 Galestis
570 1876 725 1906 nomen
756 1868 870 1906 reete
900 1863 1050 1917 tradit,
1093 1864 1205 1917 quod
1243 1865 1287 1906 in
1317 1864 1481 1918 graecis
1512 1862 1759 1918 παλαίστης

86 1932 276 1986 traditur,
299 1937 342 1975 et
360 1932 461 1974 XIV
487 1934 562 1973 192
586 1935 640 1986 (p.
660 1933 755 1986 275,
782 1935 847 1979 11)
871 1936 910 1974 et
932 1934 1012 1972 202
1037 1934 1093 1986 (p.
1112 1934 1206 1985 277,
1234 1934 1271 1981 1)
1294 1932 1337 1973 in
1360 1930 1555 1973 Caesaris
1578 1931 1759 1974 decretis

85 2014 234 2044 uerum
263 2004 337 2044 aut
366 2005 531 2055 partem
559 2000 650 2042 ueri
672 1999 753 2041 dat.
775 1998 888 2041 adde
908 1999 1011 2041 XIV
1032 2001 1110 2040 427
1136 2001 1192 2054 (p.
1217 2001 1311 2052 318,
1339 2002 1382 2040 11
1400 2001 1494 2052 sq.),
1526 2000 1598 2041 ubi
1629 1999 1759 2042 habet

85 2069 155 2110 rei
180 2081 284 2109 uero
322 2068 540 2108 terminum
570 2079 660 2107 nox
693 2066 929 2121 prohibuit,
969 2067 1082 2110 unde
1120 2067 1255 2109 noetis
1293 2067 1546 2110 uocabulum
1585 2067 1760 2109 Graecis

87 2135 270 2180 restituit
299 2135 543 2188 Lowthius‚
584 2140 627 2177 et
656 2135 736 2177 XV
759 2136 837 2176 199
865 2138 921 2190 (p.
945 2137 1041 2190 367,
1064 2136 1133 2186 22)
1164 2135 1237 2177 ubi
1269 2132 1478 2185 ἀνδράσιν
1510 2135 1552 2176 in
1586 2134 1758 2178 Graecis

83 2209 168 2259 est,
200 2208 246 2246 at
274 2203 318 2246 in
348 2204 429 2246 Lat
458 2202 644 2243 domibus
676 2203 716 2245 h.
740 2216 774 2245 e.
802 2200 1034 2256 ἀνδρῶσιν,
1068 2202 1180 2256 quod
1211 2202 1400 2256 reposuit
1430 2201 1620 2244 Hudson.
1681 2203 1758 2245 sed

85 2272 190 2315 talia
220 2272 324 2314 satis
354 2284 491 2325 pauca
521 2275 635 2324 sunt,
671 2272 920 2325 plerumque
952 2271 1062 2314 enim
1095 2274 1137 2314 et
1155 2270 1197 2311 in
1221 2269 1396 2323 integris
1417 2269 1522 2312 etin
1554 2270 1760 2324 corruptis

85 2353 181 2383 eum
212 2339 428 2383 codicibus
459 2337 756 2393 superstitibus
788 2339 1026 2393 conspirat,
1066 2342 1111 2380 ut
1141 2343 1349 2393 appareat
1387 2338 1514 2379 etiam
1547 2342 1754 2392 corrupte-

83 2408 219 2450 larum
249 2411 414 2463 partem
444 2402 675 2448 maximam
705 2406 791 2449 iam
821 2407 926 2449 satis
947 2407 1122 2461 antiquo
1145 2411 1333 2460 tempore
1363 2405 1406 2446 in
1438 2417 1510 2446 eos
1542 2416 1636 2446 sese
1657 2405 1754 2447 insi-

84 2489 251 2519 nuasse.
310 2478 353 2518 et
382 2487 512 2529 saepe
543 2473 715 2527 quidem
747 2488 840 2530 eum
871 2474 904 2516 P
934 2474 1035 2517 faeit
1064 2479 1138 2516 aut
1167 2474 1258 2516 solo
1299 2478 1371 2514 aut
1410 2471 1631 2513 coniuncto
1663 2485 1756 2514 eum

82 2543 201 2597 aliis,
240 2547 286 2586 ut
323 2543 387 2586 XI
408 2544 460 2583 52
493 2542 551 2596 (p.
577 2543 642 2596 13,
664 2541 737 2596 21)
776 2542 929 2586 omittit
967 2542 1038 2583 καὶ
1078 2545 1267 2596 μητέρων,Ι
1305 2553 1399 2582 eum
1429 2538 1572 2593 PFW,
1616 2541 1642 2592 ξ
1674 2542 1755 2582 203

83 2610 143 2666 (p.
161 2613 230 2666 43,
247 2609 289 2665 5)
311 2609 467 2653 omittit
486 2608 558 2651 καὶ
578 2607 678 2657 τοὺς
697 2608 884 2665 ,Μήδους
905 2622 999 2652 cum
1020 2609 1113 2663 PF,
1145 2610 1171 2661 ἓ
1193 2610 1273 2649 235
1297 2606 1356 2662 (p.
1374 2606 1522 2659 49,14)
1545 2606 1660 2658 πρὸς
1681 2605 1756 2648 τὸν

83 2679 269 2731 βασιλέα
289 2678 359 2720 καὶ
381 2677 487 2733 legit
502 2690 596 2720 eum
613 2677 696 2731 PF,
716 2690 800 2720 non
824 2675 937 2729 πρὸς
959 2672 1101 2727 αὐτόν,
1127 2681 1169 2719 et
1188 2675 1332 2731 paullo
1348 2675 1458 2716 infra
1479 2687 1517 2716 u.
1537 2676 1589 2716 20
1613 2687 1706 2717 eum
1722 2676 1756 2717 P

83 2747 175 2790 solo
195 2761 279 2791 non
299 2745 492 2801 agnoseit
512 2741 602 2786 ὑπὸ
626 2744 772 2799 δέους;
803 2745 887 2786 XII
910 2748 990 2786 114
1012 2744 1068 2799 (p.
1092 2746 1158 2797 92,
1180 2742 1295 2796 1sq.)
1321 2755 1415 2784 eum
1438 2742 1470 2784 P
1491 2754 1575 2783 non
1596 2744 1757 2798 recepit

84 2815 218 2858 uerba
247 2813 370 2869 παρὰ
394 2817 471 2854 τοῦ
502 2836 558 2842 -
591 2812 789 2867 διαμείνῃ
820 2813 957 2852 ταῦτα
987 2816 1158 2867 propter
1186 2809 1556 2853 homoeoteleuton
1587 2809 1756 2865 omissa,

85 2878 362 2934 similiterque
390 2881 414 2934 ἓ
440 2883 517 2922 192
546 2879 605 2936 (p.
632 2884 723 2934 105,
756 2880 888 2932 7sq.),
920 2881 945 2930 ἓ
965 2880 1041 2919 197
1074 2877 1131 2932 (p.
1153 2880 1245 2930 105,
1268 2877 1437 2930 26sq.);
1470 2878 1495 2929 ἓ
1515 2879 1593 2919 136
1615 2879 1670 2932 (p.
1688 2880 1755 2931 95,

86 2947 138 2988 23
149 2948 228 3000 sq.)
247 2949 380 2992 uerba
397 2948 566 3003 Polybii
580 2949 685 2991 talia
701 2947 848 2990 habuit
865 2945 1009 2999 qualia
1023 2945 1180 2988 suntin
1198 2945 1342 2999 PAW;
1366 2948 1390 2995 ξ
1409 2947 1486 2986 351
1510 2946 1564 2998 (p.
1582 2947 1672 3000 133,
1688 2949 1757 2995 11)
