2107 3377
151 468 228 509 311

150 735 230 776 312

149 1074 229 1114 313

265 217 345 255 388
737 217 900 262 ANTIQ.
925 217 1023 253 IUD.
1047 217 1116 253 xv
1141 219 1320 253 310—316
1344 219 1402 259 (m.
1418 219 1449 259 2)

265 332 660 388 συγκατειληφυίας
689 331 763 373 καὶ
792 333 870 385 τῆς
898 331 1001 385 περὶ
1032 328 1112 380 τὰς
1143 329 1338 386 ἐσθῆτας
1379 324 1592 384 ἆπορίας,
1635 327 1930 385 ἐφθαρμένων

263 401 336 442 καὶ
375 399 666 442 παντάπασιν
697 397 1068 449 ἐξαναλωθέντων
1097 399 1184 440 τῶν
1213 396 1523 453 βοσκημάτων,
1563 393 1624 445 (ὗς
1664 392 1764 438 οὔτε
1802 394 1931 452 ἐρίων

265 464 379 510 εἶναι
405 469 560 524 χρῆσιν
583 463 682 509 οὔτε
707 467 792 508 τῶν
815 463 961 507 ἄλλων
981 464 1320 519 σκεπασμάτων.
1366 466 1722 519 ἐκπορισθέντων
1744 463 1791 506 δὲ
1813 459 1932 520 αὐτῷ

260 536 334 577 καὶ
372 534 540 577 τούτων
569 542 667 583 ταῖς
704 533 897 590 πλησίον
937 528 1018 590 ἤδη
1057 531 1244 576 πόλεσιν
1283 531 1551 587 ἐπεβάλλετο
1591 530 1671 581 τὰς
1711 526 1931 587 ὠφελείας

261 605 471 656 παρέχειν
502 604 738 657 σπέρματα
775 608 870 650 τοῖς
911 598 954 642 ἓν
983 602 1124 657 Συρίᾳ
1160 599 1351 650 διαδούς.
1400 601 1474 642 καὶ
1504 594 1624 642 τοῦτ’
1660 595 1825 655 ὤνησεν
1857 593 1932 653 οὐχ

260 665 391 725 ἧττον
423 664 555 711 αὐτὸν
586 664 931 725 εὐστοχηθείσης
970 666 1034 718 εἷς
1075 663 1290 724 εὐφορίαν
1321 669 1396 725 τῆς
1432 667 1632 722 χάριτος,
1671 665 1731 717 (ὃς
1761 661 1932 710 ἅπασιν

263 735 391 779 ἱκανὰ
420 735 476 779 τὰ
507 737 612 790 περὶ
643 733 724 785 τὰς
760 733 932 792 τροφὰς
969 737 1194 790 γενέσθαι.
1247 733 1297 778 τὸ
1332 735 1378 777 δὲ
1409 734 1588 789 σύμπαν
1619 729 1789 790 ἀμήτου
1828 735 1932 791 περὶ

260 803 338 859 τὴν
376 805 454 861 γῆν
484 801 794 860 ὑποφανέντος
833 796 909 844 οὐκ
947 800 1129 844 ἔλαττον
1166 795 1192 859 ἢ
1231 805 1363 845 πέντε
1401 801 1619 857 μυριάδας
1660 797 1930 857 ἀνθρώπων,

261 871 336 922 οὓς
373 867 507 922 αὐτὸς
545 871 742 926 ἔθρεψεν
780 871 853 913 καὶ
893 873 1230 926 περιεποίησεν,
1271 869 1334 919 εἷς
1372 869 1450 926 τὴν
1482 870 1629 925 χώραν
1670 869 1930 924 διέπεμψεν,

259 940 330 981 καὶ
362 941 520 982 τοῦτον
550 937 627 981 τὸν
658 937 826 994 τρόπον
856 940 1138 980 κακωθεῖσαν
1165 932 1284 993 αὐτῷ
1314 936 1392 993 τὴν
1421 939 1653 992 βασιλείαν
1676 934 1761 981 ύπὸ
1786 937 1933 995 πάσης

261 1008 522 1064 φιλοτιμίας
559 1008 633 1049 καὶ
665 1005 863 1063 σπουδῆς
903 1000 1137 1059 ἀναλαβών
1169 999 1244 1057 οὐχ
1280 999 1437 1059 ἥκιστα
1466 1007 1538 1047 καὶ
1576 1003 1679 1055 τοὺς
1717 1004 1851 1060 πέριξ
1887 1004 1931 1048 ἓν

259 1083 358 1125 ταῖς
399 1071 554 1125 αύταῖς
582 1076 913 1123 κακοπαθείαις
952 1070 1084 1122 ὄντας
1126 1071 1431 1128 ἐπεκούφισεν.
1486 1067 1535 1114 οὗ
1566 1071 1648 1128 γὰρ
1679 1068 1783 1114 ἔσθ’
1809 1067 1933 1123 ὅστις

259 1139 348 1185 ὑπὸ
386 1146 537 1198 χρείας
577 1139 761 1194 ἐντυχὼν
799 1135 1059 1196 ἀπελείφθη
1098 1137 1155 1194 μὴ
1195 1138 1414 1196 βοήθειαν
1448 1134 1667 1193 εἷῗρασθαι
1704 1138 1814 1182 κατὰ
1853 1138 1932 1196 τὴν

261 1205 402 1260 ἀξίαν.
455 1205 566 1251 ἀλλὰ
596 1210 669 1251 καὶ
702 1208 834 1265 δῆμοι
863 1208 934 1249 καὶ
968 1207 1125 1257 πόλεις
1154 1208 1229 1250 καὶ
1258 1208 1346 1249 τῶν
1379 1205 1568 1250 ἰδιωτῶν
1599 1206 1722 1257 ὅσοις
1763 1202 1933 1263 ἆπορία

262 1276 425 1329 διὰτὸ
459 1275 680 1319 πλειόνων
711 1276 1025 1331 προΐστασθαι
1064 1274 1393 1330 συνετύγχανεν,
1435 1270 1507 1317 ἐπ’
1545 1270 1676 1317 αὐτὸν
1711 1274 1933 1332 καταφεύ-

149 1345 231 1385 314
259 1360 408 1401 γοντες
447 1343 573 1398 ἔσχον
604 1339 665 1385 ὧν
696 1341 959 1399 ἐδεήθησαν,
1001 1336 1116 1385 ὥστε
1149 1345 1361 1398 γενέσθαι
1393 1341 1682 1398 λογιζομένων
1711 1343 1814 1392 τοὺς
1852 1342 1931 1397 μὲν

149 1547 230 1587 315

260 1412 342 1463 ἔξω
372 1414 451 1470 τῆς
482 1407 614 1467 ἀρχῆς
645 1411 863 1460 δοθέντας
894 1413 1019 1453 σίτου
1049 1409 1205 1467 κόρους
1235 1414 1431 1466 μυρίους,
1463 1407 1484 1453 ὅ
1515 1409 1561 1452 δὲ
1590 1409 1719 1465 κόρος
1750 1409 1933 1454 δύναται

260 1480 498 1535 μεδίμνους
526 1475 751 1528 Ἀττικοὺς
791 1477 915 1530 δέκα,
957 1476 1060 1528 τοὺς
1099 1473 1142 1520 δ’
1179 1477 1242 1528 εἷς
1281 1474 1416 1534 αὐτὴν
1446 1476 1525 1534 τὴν
1557 1479 1790 1533 βασιλείαν
1827 1479 1932 1534 περὶ

262 1543 436 1598 ὀκτάκις
465 1551 661 1602 μυρίους.
706 1545 868 1603 ταύτην
895 1541 936 1587 δ’
965 1540 1096 1588 αὐτοῦ
1125 1544 1201 1603 τὴν
1224 1545 1480 1600 ἐπιμέλειαν
1501 1547 1573 1589 καὶ
1603 1544 1681 1602 τὴν
1702 1547 1780 1603 τῆς
1804 1545 1932 1601 χάρι-

259 1632 334 1666 τος
373 1611 598 1670 εὐκαιρίαν
636 1613 775 1663 οὕτως
814 1612 858 1656 ἓν
890 1609 1040 1664 αὐτοῖς
1081 1629 1130 1656 τε
1166 1622 1262 1664 τοῖς
1292 1609 1523 1664 Ἰουδαίοις
1563 1613 1737 1667 ἰσχῦσαι
1776 1616 1932 1671 συνέβη

258 1685 331 1726 καὶ
364 1683 661 1740 διαβοηθῆναι
695 1680 819 1736 παρὰ
848 1690 942 1731 τοῖς
974 1678 1138 1733 ἄλλοις,
1171 1675 1286 1724 ὥστε
1315 1680 1370 1723 τὰ
1400 1682 1480 1735 μὲν
1501 1681 1644 1725 πάλαι
1673 1686 1780 1740 μίση
1811 1699 1932 1740 κινη-

258 1754 400 1793 θέντα
440 1749 514 1793 διὰ
553 1747 602 1792 τὸ
645 1748 1002 1805 παραχαράττειν
1043 1748 1138 1792 ἔνια
1182 1751 1269 1791 τῶν
1309 1748 1428 1792 έθιῦν
1467 1751 1538 1792 καὶ
1583 1751 1660 1805 τῆς
1701 1750 1933 1804 βασιλείας

261 1819 543 1876 ἐξαιρεθῆναι
575 1819 645 1859 καὶ
678 1819 756 1859 τοῦ
787 1816 957 1867 παντὸς
989 1817 1160 1869 ἔθνους,
1194 1812 1579 1872 ἀντικατάλλαγμα
1611 1817 1657 1859 δὲ
1682 1821 1932 1874 φαίνεσθαι

149 1887 230 1928 316
260 1885 338 1941 τὴν
360 1885 404 1928 ἓν
424 1888 476 1942 τῇ
505 1888 700 1941 βοηθείᾳ
730 1887 817 1926 τῶν
845 1884 1106 1927 δεινοτάτων
1128 1886 1400 1941 φιλοτιμίαν.
1448 1881 1619 1927 εἴκλεια
1645 1885 1783 1928 δὲκαὶ
1807 1884 1930 1940 παρὰ

259 1956 346 1995 τῶν
378 1952 546 2003 ἔξωθεν
579 1952 648 2010 ἠν,
689 1955 761 1996 καὶ
799 1952 917 1995 δοκεῖ
953 1951 1007 1994 τὰ
1050 1953 1232 2010 δυσχερῆ
1273 1955 1490 2010 σιχιιβῆναι
1528 1953 1607 2007 μὲν
1639 1948 1757 2009 αύτῷ
1797 1952 1931 2007 μείζω

261 2018 404 2076 λόγου,
435 2020 695 2063 κακώσαντα
727 2020 773 2062 δὲ
803 2018 882 2074 τήν
901 2021 1135 2074 βασιλείαν
1157 2017 1232 2074 οὐχ
1265 2015 1418 2077 ἥκιστα
1449 2020 1562 2075 πρὸς
1590 2016 1790 2077 εὗδοξίαν
1812 2018 1931 2079 ὠφε-

261 2090 414 2147 λῆσαι·
447 2088 494 2130 τὸ
524 2087 606 2144 γὰρ
639 2087 682 2131 ἐν
703 2097 800 2138 ταῖς
832 2084 1046 2142 ἀπορίαις
1075 2087 1384 2143 μεγαλόψυχον
1405 2087 1528 2142 παρὰ
1552 2088 1683 2139 δόξαν
1705 2087 1931 2140 ἐπιδειξά-

374 2188 738 2225 PFLAMVWELat
750 2189 912 2224 Zonaras
935 2189 951 2223 I
976 2200 1011 2233 p.
1029 2191 1106 2224 432.

379 2251 393 2282 1
420 2246 788 2292 *συνκατειληφυίασ
804 2244 833 2279 Ρ
927 2248 946 2280 2
971 2247 1062 2281 *καὶ
1082 2255 1151 2280 om.
1168 2245 1200 2280 V
1291 2243 1622 2288 ἐξαναλωθέντων]
1647 2255 1715 2281 om.
1729 2245 1762 2280 V
1787 2245 1932 2282 ἀναλω-

264 2305 408 2341 θέντων
432 2303 465 2337 Ε
557 2299 714 2348 *ἐρίων]
740 2297 863 2348 ἔργων
887 2301 915 2337 P
1017 2305 1035 2337 3
1062 2303 1167 2338 *τῶν
1191 2311 1259 2336 om.
1285 2301 1440 2336 LAMW
1531 2297 1595 2337 *δ’
1620 2300 1839 2337 FLAMVW

261 2364 282 2395 4
306 2358 518 2407 ἐπεβάλετο
542 2358 608 2393 VE
726 2361 745 2393 5
770 2354 897 2394 διδοὺσ
922 2358 1141 2393 FLAMVW
1254 2355 1379 2395 διδοὺσ
1404 2363 1484 2400 τοῖς
1507 2356 1550 2394 ἐν
1573 2360 1681 2404 συρία
1707 2360 1750 2393 tr.
1776 2358 1929 2394 LAMW

374 2419 489 2453 τοῦτο
515 2414 588 2450 ΜΕ
622 2416 658 2450 et
689 2424 732 2449 ex
757 2424 848 2449 corr.
875 2415 906 2448 A
1020 2412 1186 2461 *ὄνησεν
1209 2414 1257 2448 W
1372 2417 1391 2449 6
1416 2411 1738 2461 *εὐστοχηθείσης
1762 2435 1803 2439 -
1830 2418 1846 2448 ἰ’
1873 2428 1931 2462 γε·

261 2474 406 2515 νέσθαι]
439 2473 523 2507 dum
548 2470 682 2506 exinde
704 2470 862 2516 qratiam
887 2470 959 2506 sihi
981 2471 1194 2517 acquisisset
1223 2470 1294 2506 Lat
1413 2467 1717 2518 εὐστοχηθείσης]
1750 2466 1866 2508 εὖθὺσ
1890 2471 1931 2509 τὲ

259 2531 441 2576 χυθείσησ
470 2528 566 2563 PFV
598 2524 880 2574 α’στοχηθείσησ
912 2528 944 2562 Ε
1059 2523 1274 2574 *εὐπορίαν
1298 2527 1326 2562 Ρ
1442 2532 1459 2562 ’ἲ
1495 2524 1638 2574 ἀμητοῦ
1667 2527 1838 2563 FLAME

261 2590 280 2621 8
306 2585 589 2632 *ἐπιφανέντοσ
604 2584 638 2619 V
654 2580 920 2630 ὖποφένοντοσ
938 2584 984 2619 W
1066 2579 1174 2626 *oi-x]
1200 2580 1255 2620 ὠσ
1274 2579 1342 2621 οὐκ
1358 2584 1388 2619 F
1478 2587 1498 2619 9
1513 2582 1721 2630 *ἐξέθρεψε
1740 2595 1808 2620 μεν
1819 2583 1930 2626 A2W)

260 2642 447 2677 FLAMW
516 2643 606 2678 *καὶ
623 2641 891 2688 περιεποίησεν
907 2650 974 2675 om.
993 2640 1106 2677 VLat
1186 2644 1222 2675 10
1241 2638 1392 2677 *τούτω
1410 2643 1463 2677 τῶ
1481 2637 1613 2686 τρόπω
1631 2639 1664 2674 V
1745 2643 1780 2675 11
1801 2641 1931 2686 *φιλο-

261 2701 386 2744 τιμίας
409 2701 473 2735 καὶ
497 2709 565 2733 om.
583 2698 617 2734 V
705 2699 798 2734 *καὶ
822 2708 889 2733 om.
915 2697 943 2731 P
1039 2700 1079 2732 12
1104 2693 1250 2740 *ὄντας
1274 2707 1342 2733 om.
1370 2697 1396 2732 P
1489 2691 1572 2733 ὅτισ
1598 2696 1676 2731 PW
1764 2699 1801 2731 13
1828 2693 1930 2743 εὑρέ·

261 2760 351 2792 σθαι
370 2755 431 2790 FL
457 2759 492 2790 et
508 2765 551 2790 ex
570 2765 662 2790 corr.
681 2755 714 2789 A
800 2757 837 2789 1-1
863 2748 971 2791 *ὅσοι
989 2754 1016 2789 Ρ
1097 2755 1136 2788 16
1160 2751 1287 2800 *εἶχον
1303 2754 1335 2788 V
1415 2753 1648 2799 λογιζομὲνω
1665 2752 1885 2788 FLAMVW

263 2815 304 2846 18
329 2807 548 2858 *άττηκοὺσ
565 2811 609 2845 W
692 2814 761 2848 τοῦ
777 2812 816 2848 δὲ
834 2811 867 2846 Ε
951 2813 989 2846 19
1015 2811 1196 2857 *μυρίοισ
1214 2810 1258 2844 W
1340 2809 1377 2846 δὲ
1402 2809 1656 2843 FLAMVWE
1738 2813 1777 2845 21
1798 2807 1929 2857 *παρὰ

261 2879 329 2903 om.
347 2867 379 2903 V
470 2865 629 2910 *πάλαι1
654 2865 749 2905 ἄλλα
775 2867 807 2901 V
910 2870 951 2901 22
976 2865 1103 2903 ἐθνῶν
1126 2867 1186 2901 PF
1279 2868 1341 2903 καὶ
1366 2876 1433 2901 om.
1461 2865 1604 2900 Ernesti
1705 2867 1746 2899 23
1772 2868 1833 2901 καὶ
1859 2876 1929 2901 om.

261 2923 471 2959 PFLVWE
574 2927 616 2960 25
641 2918 712 2970 *ἧν
729 2935 796 2959 om.
817 2924 846 2958 L
931 2921 1052 2959 ἐδόκει
1079 2923 1265 2958 FLAMW
1355 2923 1513 2966 μείζονα
1534 2921 1635 2957 FLM
1660 2925 1696 2957 et
1720 2932 1763 2956 ex
1789 2932 1878 2957 corr.
1895 2921 1930 2956 A

262 2982 394 3025 μεῖζον
418 2980 514 3014 A¹W
617 2984 656 3016 27
684 2978 1016 3025 *ἐπιδεικνύμενοσ
1040 2979 1073 3014 V

1963 942 2000 976 10

1964 1281 2000 1314 15

1962 1619 2000 1654 20
