2107 3377
216 358 296 398 102

220 629 297 669 103

221 1037 300 1076 104

223 1376 300 1415 105

226 1646 302 1686 106

324 173 377 210 24
787 173 950 218 ANTIQ.
975 172 1072 208 ΠΗ).
1097 172 1150 207 xl
1176 176 1354 210 101—106
1377 175 1436 217 (ιν.
1452 179 1480 207 e.
1496 177 1527 217 τ)

326 288 439 330 θεοῦ
463 282 695 338 Ἰουδαίοις
725 303 773 330 τε
802 288 875 330 καὶ
896 283 1106 342 ἡγεμόσιν
1129 281 1273 329 αὐτῶν
1294 285 1614 342 ἐπιτρέψουσιν
1645 287 1995 348 οἰκοδομηθῆναι

327 353 405 398 τὸν
435 351 552 398 ναόν.
612 357 686 399 καὶ
717 356 1024 410 συλλαβέσθαι
1055 354 1101 397 δὲ
1131 353 1246 409 πρὸς
1274 353 1323 397 τὸ
1359 354 1482 410 ἔργον
1514 355 1766 409 διετάξατο,
1807 354 1888 400 κάκ
1916 361 2024 402 τοῦ·

326 422 469 479 φόρου
490 425 569 466 τοῦ
590 426 668 479 τῆς
683 422 830 478 χώρας
852 418 902 480 ἧς
924 421 1276 477 ἐπετροπεύοντο
1298 423 1439 465 τελεῖν
1460 432 1554 473 τοῖς
1569 418 1803 474 Ἰουδαίοις
1825 423 1888 475 εἷς
1908 428 1995 467 θυ-

330 494 432 540 σίας
463 490 592 547 λόγον
622 491 810 545 ταύρους
830 491 903 533 καὶ
924 488 1073 546 κριοὺς
1103 491 1176 533 καὶ
1200 485 1334 545 ἄρνας
1361 491 1436 533 καὶ
1459 489 1640 547 ἐρίφους
1668 493 1742 534 καὶ
1765 491 1997 546 σεμίδαλιν

325 560 400 601 καὶ
432 557 580 602 ἐ’λαιον
611 559 682 601 καὶ
717 555 836 601 οἶνον
866 559 939 601 καὶ
971 548 1134 610 τᾶλλα,
1175 552 1261 600 ὅσα
1300 551 1352 599 ἂν
1384 558 1426 600 οἱ
1459 558 1589 613 ἱερεῖς
1618 555 1997 615 Δὑπαγορεύσωσιν,

330 623 540 680 εὔχωνται
581 627 627 669 δὲ
666 623 779 680 ὑπὲρ
818 628 895 683 τῆς
926 629 1147 682 σωτηρίας
1177 627 1255 668 τοῦ
1284 626 1504 679 βασιλέως
1533 627 1607 669 καὶ
1637 628 1837 682 Περσῶν.
1896 625 1998 678 τοὺς

328 694 375 737 δὲ
406 694 697 750 παραβάντας
726 711 771 737 τι
799 695 888 736 τῶν
919 692 1256 747 ἐπεσταλμένων
1279 693 1616 750 συλληφθέντας
1647 693 1866 737 ἐκέλευσεν
1889 689 1999 737 ἆνα-

328 764 644 820 σταυρωθῆναι
675 763 747 804 καὶ
778 760 857 817 τὴν
889 757 1044 804 οὐσίαν
1077 757 1218 803 αἰτῶν
1250 760 1313 811 εἷς
1343 763 1421 817 την
1447 760 1680 818 βασιλικὴν
1702 763 2001 819 καταταγῆναι

326 832 492 887 κτῆσιν.
552 831 625 872 καὶ
656 828 900 886 κατηύξατο
932 828 1048 884 πρὸς
1077 828 1252 879 τούτοις
1281 831 1345 884 τῷ
1376 831 1486 885 θεῷ,
1517 824 1642 880 ὅπως
1673 829 1716 872 εἴ
1742 844 1811 878 τις
1832 828 2000 883 ἐπιχει-

329 897 475 956 ρήσειε
507 898 780 941 διακωλῦσαι
809 896 887 955 τὴν
919 897 1176 952 οἰκοδομίαν
1207 899 1284 939 τοῦ
1316 898 1445 948 ναοῦ,
1484 895 1633 951 βαλών
1664 892 1799 940 αὐτὸν
1833 894 1856 940 ὃ
1891 895 2003 948 θεὸς
2050 942 2053 943 ⁷

330 965 489 1023 ἐπίσχῃ
520 968 598 1023 τῆς
629 962 847 1016 ἂδικίας.“

445 1039 483 1076 7.
536 1029 683 1076 Ταῦθ’
721 1030 858 1088 εὗρων
898 1032 942 1075 ἐν
986 1041 1081 1083 τοῖς
1126 1029 1443 1088 ὑπομνήμασιν
1487 1041 1582 1083 τοῖς
1621 1031 1769 1087 Κύρου
1808 1035 2003 1088 Δαρεῖος

330 1097 595 1159 ἀντιγράφει
625 1103 688 1157 τῴ
719 1105 898 1157 Σισίννῃ
930 1101 1004 1143 καὶ
1034 1108 1128 1150 τοῖς
1159 1098 1353 1153 ἑταίροις
1375 1096 1507 1142 αὐτοῦ
1527 1099 1634 1142 τάδε
1656 1100 1812 1156 λέγων·
1844 1104 2003 1156 ,,βασι-

330 1168 429 1220 λευς
459 1173 652 1223 Δαρεῖος
682 1172 861 1225 Σισίννῃ
903 1170 967 1224 τῷ
1007 1166 1186 1223 ἐπάρχῳ
1227 1168 1301 1210 καὶ
1331 1166 1620 1224 Σαραβαζάνῃ
1651 1169 1725 1210 καὶ
1755 1177 1850 1219 τοῖς
1881 1167 2004 1212 ἑταί-

330 1253 425 1291 ροις
457 1233 600 1279 αὐτῶν
625 1240 809 1291 χαίρειν.
870 1235 918 1278 τὸ
954 1231 1225 1292 ἀντίγραφον
1254 1237 1331 1290 τῆς
1363 1233 1600 1292 ἐπιστολῆς
1629 1231 1730 1289 ’ὑμῖν
1761 1232 1812 1294 ἧς
1844 1235 1888 1279 ἐν
1908 1245 2005 1287 τοῖς

329 1303 644 1362 ὑπομνήμασιν
676 1299 802 1359 εὗρον
832 1312 928 1354 τοῖς
959 1303 1106 1358 Κύρου
1147 1298 1406 1345 ἀπέσταλκα
1443 1303 1517 1344 καὶ
1545 1302 1765 1358 βούλομαι
1794 1307 2005 1359 γίνεσθαι

331 1371 494 1425 πάντα,
525 1370 681 1423 καθώς
712 1371 756 1414 ἓν
789 1366 898 1428 αὖτῇ
929 1374 1138 1426 περιέχει.
1199 1370 1442 1427 ἕρρωσθε.“
1501 1370 1728 1424 μαθόντες
1759 1362 1834 1414 οὖν
1863 1369 1908 1414 ἐκ
1927 1373 2006 1428 τῆς

334 1440 574 1496 ἐπιστολῆς
605 1437 626 1483 ὁ
660 1443 867 1496 Σισίννης
895 1440 968 1482 καὶ
1002 1439 1043 1482 οἱ
1076 1437 1153 1482 σὺν
1186 1434 1306 1494 αἰτῷ
1336 1437 1413 1495 τὴν
1444 1440 1522 1481 τοῦ
1541 1439 1761 1494 βασιλέως
1791 1443 2006 1496 προαίρε-

333 1523 403 1552 σιν
433 1508 569 1565 ταύτῃ
600 1506 655 1550 τὰ
689 1506 828 1551 λοιπὰ
861 1505 1091 1550 ἀκόλουθα
1130 1515 1279 1550 ποιεῖν
1312 1506 1566 1562 διέγνωσαν.
1628 1505 1898 1550 ἐπεστάτουν
1929 1497 2006 1550 οὖν

331 1578 418 1620 τῶν
450 1576 580 1631 ἱερῶν
611 1574 747 1632 ἔργων
779 1574 1189 1630 συλλαμβανόμενοι
1218 1583 1312 1624 τοῖς
1333 1577 1650 1630 πρεσβυτέροις
1670 1577 1758 1618 τιῦν
1783 1571 2007 1618 Ἰουδαίων

333 1645 406 1686 καὶ
437 1645 524 1686 τιῦν
555 1643 772 1700 γερόντων
804 1639 1025 1697 ἄρχουσιν.
1083 1644 1155 1685 καὶ
1195 1638 1350 1700 ἠνύετο
1392 1641 1503 1685 κατὰ
1545 1641 1715 1698 πολλὴν
1747 1641 1947 1699 σπουδὴν
1978 1639 2003 1698 ἦ

447 1746 468 1789 ξ
499 1748 555 1779 101
585 1760 628 1772 =
657 1748 685 1780 1.
704 1744 800 1779 Esra
823 1743 893 1778 VII
919 1746 972 1779 26.

447 1834 692 1869 PFLAVWE
703 1835 772 1869 Lat
785 1835 946 1870 Zonaras
970 1834 987 1868 I
1012 1845 1048 1878 p.
1075 1837 1151 1869 315.

450 1894 465 1926 1
492 1904 533 1927 τε
558 1902 625 1927 om.
651 1891 831 1927 FLAVW
946 1889 1202 1937 ἐπιτρέψωσιν
1226 1890 1468 1926 P2L2AVWE
1563 1890 1808 1935 οἰκοδομῆσαι
1834 1890 1916 1926 WE

337 1951 356 1982 2
381 1947 662 1995 *συ-λαβέσθαι
688 1952 792 1989 (eras.
812 1951 846 1990 λ)
870 1948 900 1982 Ι,
994 1943 1108 1989 *κιέκ]
1132 1951 1196 1984 και
1220 1947 1264 1981 Ρι
1357 1948 1376 1980 3
1404 1949 1471 1982 τοῦ
1495 1957 1562 1982 om.
1582 1946 1794 1982 FLAVWE
1876 1940 1962 1994 *ἧσ,
1986 1939 2008 1993 ἦ

333 2006 356 2040 i.
376 2015 446 2040 ras.
465 2015 511 2039 m.
531 2007 550 2039 2
576 2005 603 2038 P
712 2001 975 2050 ἐπετρόπευον
1000 2001 1044 2040 τὸ
1072 2004 1099 2038 P
1125 2001 1386 2051 ἐπετρόπευον
1410 2003 1525 2037 AWE
1635 2007 1655 2038 4
1679 2005 1910 2051 *σεμίδαλην
1933 2003 1962 2039 P

335 2065 353 2096 5
378 2058 453 2098 *τὰ
471 2060 566 2098 ἄλλα
584 2060 681 2095 PFA
752 2060 788 2097 οὶ
805 2072 872 2097 om.
891 2061 923 2096 E
993 2058 1257 2108 ὑπαγορεὺωσι
1282 2060 1397 2095 FWE
1469 2062 1488 2094 6
1513 2057 1686 2106 εὔχονται
1705 2059 1734 2093 F
1806 2062 1872 2105 τῆς
1888 2070 1957 2096 om.
1975 2061 2009 2095 A

447 2121 525 2154 τῶν
540 2117 731 2164 βασιλέων
747 2117 806 2152 PF
880 2121 896 2152 ἰ’
917 2113 1214 2162 ἀπεσταλμένων
1232 2117 1260 2151 F
1333 2120 1352 2151 9
1369 2114 1577 2160 κατεύξατο
1598 2117 1642 2149 W
1708 2119 1748 2151 10
1766 2114 2010 2154 διακωλύσειν

336 2175 382 2209 W
469 2171 676 2220 οἰκοδομὴν
698 2174 732 2208 Α
807 2178 843 2210 11
871 2173 1039 2220 ἐπισχεῖν
1063 2174 1092 2208 F
1163 2172 1309 2220 ἐπίσχῃ]
1335 2184 1401 2209 om.
1429 2174 1473 2207 P¹
1498 2178 1580 2218 post
1604 2169 1751 2216 α’δικίας
1775 2173 1893 2218 suppl.
1918 2173 1964 2208 Ρ·-ἱ

341 2233 379 2266 12
405 2227 517 2267 ταῦτ’
535 2231 562 2265 Ρ
588 2233 706 2267 ταῦτα
724 2231 807 2265 WE
876 2227 1024 2277 *εὑρὼν
1047 2241 1091 2265 ex
1117 2226 1220 2277 ὁρῶν
1237 2241 1328 2265 corr.
1347 2241 1391 2264 m.
1412 2232 1430 2264 2
1448 2230 1478 2264 L
1551 2234 1643 2272 τοῖς]
1668 2233 1737 2267 τοῦ
1753 2229 1964 2266 PFLVWE

340 2290 378 2321 13
404 2288 580 2334 *σισσίνη
604 2287 634 2321 F
661 2288 783 2333 σισίνη
807 2288 856 2321 A¹
879 2287 1033 2322 sisinnio
1059 2287 1130 2322 Lat
1220 2289 1283 2322 καὶ
1309 2307 1349 2311 -
1380 2290 1420 2322 14
1448 2288 1600 2332 Σισίννῃ
1625 2298 1694 2322 om.
1720 2287 1766 2320 W
1860 2285 2009 2334 ἑτέροισ

338 2344 367 2378 F
438 2341 567 2386 *τάδε]
594 2347 712 2381 ταῦτα
737 2345 770 2378 A
858 2348 899 2380 14
924 2345 1072 2390 σισσίνη
1095 2344 1124 2378 F
1149 2344 1300 2379 sisinnio
1325 2343 1395 2378 Lat
1466 2346 1531 2391 τῷ]
1555 2346 1698 2380 zama]
1721 2343 1767 2378 P¹
1841 2340 2009 2392 ἐπάρχῳ]

338 2400 489 2436 Hudson
515 2397 685 2448 ἱππάρχῃ
710 2401 886 2437 PFAVW
896 2401 966 2436 Lat
991 2397 1140 2448 ῧπάρχη
1165 2401 1193 2435 L
1288 2399 1562 2446 σαραβαρζάνη
1587 2399 1619 2435 V
1642 2400 1869 2436 sarabazcno
1894 2400 1965 2435 Lat

338 2456 487 2503 ἑτέροιο
511 2457 590 2491 Fw
721 2461 760 2493 15
786 2454 832 2494 τὸ
858 2453 1003 2504 α’ντίγρ.
1031 2479 1072 2482 —
1103 2462 1140 2493 16
1166 2453 1397 2497 ἀπέσταλκα]
1423 2457 1615 2502 exemplar
1638 2457 1816 2502 epistolae
1840 2469 1947 2503 quam
1972 2457 2008 2493 in

338 2515 565 2549 moninwntis
590 2515 792 2549 inueuimus
817 2515 1003 2549 transmisi
1026 2514 1097 2548 Lat
1222 2510 1308 2558 ὑμῖν
1332 2518 1389 2553 (ex
1414 2509 1500 2558 ἡμῖν
1525 2523 1616 2547 corr.
1644 2513 1686 2556 F)
1712 2516 1780 2560 τῆσ
1804 2513 2011 2561 ἐπιστολῆσ

337 2576 381 2606 tr.
408 2571 573 2605 FLAVE
597 2568 703 2615 ὑμῶν
727 2573 796 2617 ῖῆυ·
820 2569 1025 2615 ἐπιστολῆσ
1050 2571 1097 2606 W
1207 2567 1293 2615 ὑμῖν
1318 2563 1370 2616 ἧς]
1395 2566 1521 2614 ὗμιῦν·
1538 2588 1544 2594 ·
1563 2588 1585 2610 ·,
1610 2572 1664 2604 ὠν
1687 2580 1731 2605 ex
1756 2576 1791 2605 ῖν
1817 2581 1908 2606 corr.
1934 2570 1963 2606 P

338 2620 380 2672 ἧς
404 2638 470 2662 om.
497 2627 678 2661 FLVWE
778 2630 815 2662 16
841 2623 963 2672 εὑρὼν
986 2627 1215 2662 P²FLVWE
1319 2629 1410 2668 τοῖς]
1438 2628 1503 2662 τοῦ
1528 2625 1590 2660 ΡΕ
1685 2626 1891 2672 *γενέσθαι
1917 2627 1966 2662 W

338 2679 463 2720 *αι’-τῶ
487 2683 519 2718 V
632 2687 667 2718 17
695 2684 928 2728 *μαθῶντεσ
952 2684 985 2717 Α
1082 2687 1120 2719 13
1147 2686 1215 2720 τοῦ
1238 2683 1429 2731 βασιλέωσ
1454 2678 1520 2728 τὴν
1545 2684 1769 2727 προαίρεσιν
1795 2679 1815 2719 ὁ
1842 2685 2010 2731 σισίννησ

339 2737 418 2785 (τὴν
443 2742 511 2776 τοῦ
535 2739 727 2786 βασιλέωσ
752 2742 978 2787 προαίρεσιν
1002 2741 1171 2787 σισίννησ
1197 2740 1242 2782 Ε)
1265 2742 1329 2776 καὶ
1355 2739 1389 2775 οὶ
1415 2736 1483 2776 σὺν
1507 2736 1608 2775 αι’-τῶ
1636 2743 1679 2773 tr.
1707 2739 1788 2774 WE
1865 2741 2009 2777 *σισσί-

342 2808 407 2842 νησ
431 2795 461 2829 F
488 2797 634 2843 σισίνησ
651 2797 700 2830 A¹
725 2797 898 2832 sisinnius
922 2797 994 2831 Lat
1082 2800 1118 2831 19
1144 2793 1189 2833 τὸ
1215 2793 1352 2832 λοιπὸν
1377 2791 1606 2832 οἷκολοῦθωσ
1623 2796 1669 2829 W
1741 2801 1783 2830 20
1809 2803 1951 2839 τοῖς-
1968 2799 2006 2832 21

339 2850 532 2898 ἄρχουσιν]
557 2853 716 2888 seniores
740 2859 774 2888 et
798 2854 1035 2900 maqe'stratns
1059 2853 1269 2888 iudaeorum
1295 2853 1364 2887 Lat
1479 2856 1517 2887 21
1546 2851 1703 2898 ἄρχοι-σι
1729 2851 1807 2886 FW
1832 2849 1901 2889 σὺν
1925 2859 2010 2890 τοῖσ

340 2907 500 2955 ἄρχουσι
527 2909 556 2942 L
583 2912 660 2946 τῶν
683 2908 724 2945 ἐν
750 2916 834 2946 τοῐσ
858 2909 1030 2956 ἄρχουσι,
1056 2910 1121 2944 litt.
1150 2912 1224 2946 τῶν
1240 2907 1282 2946 ἐν
1299 2915 1384 2945 τοῖσ
1402 2907 1523 2955 ἄρχοι·
1540 2909 1726 2953 angustius
1744 2909 1881 2954 scripta
1898 2910 1920 2945 i.
1938 2919 2008 2946 ras.

340 2977 386 3002 m.
406 2970 424 3001 2
450 2966 482 2999 A
508 2972 592 3002 τοῐσ
618 2965 776 3012 ἄρχουσι
801 2966 832 3002 V
924 2963 1061 3013 ἤνυστο
1089 2966 1116 3001 Ρ
