2107 3377
177 406 253 446 361

286 222 368 261 398
750 221 912 266 ANTIQ.
937 222 1035 259 IUD.
1059 223 1129 259 xv
1152 213 1332 260 aea-366
1356 226 1402 267 (x.
1417 230 1444 257 3.
1461 227 1492 268 4)

288 338 366 394 τῆς
386 340 548 391 Συρίας
580 335 829 418 ἓντειίάμει
833 351 881 386 ος
909 335 1020 390 μετὰ
1050 338 1128 394 τῆς
1158 336 1322 380 ἐκείνου
1343 336 1516 394 γνώιιης
1545 336 1600 380 τὰ
1623 337 1772 381 πάντα
1793 348 1954 385 ποιεῖν.

289 403 338 446 τό
370 420 419 447 τε
450 404 632 447 σύνολον
665 403 727 454 εἷς
756 405 886 447 τοῦτο
916 405 1146 462 προῆλθεν
1177 400 1395 458 εὐτυχίας,
1429 399 1542 447 ὥστε
1573 404 1650 447 δύο
1679 405 1848 450 τούτων
1877 405 1956 466 τὴν

286 467 420 530 ἀρχὴν
446 468 674 525 Ρωμαίων
706 470 953 514 διεπόντων
988 471 1174 529 τοσήνδε
1211 471 1260 514 τὸ
1300 475 1493 528 μέγεθος
1531 470 1686 525 οὖσαν,
1727 477 1956 530 Καίσαρος

284 541 358 582 καὶ
387 555 468 593 μετ
522 534 655 581 αὐτὸν
684 534 958 594 Ἀγρίππου,
996 539 1109 582 κατὰ
1139 539 1218 597 τὴν
1248 539 1363 595 πρὸς
1401 535 1535 583 αυτὸν
1572 556 1746 583 ευνοιαν
1777 545 1954 598 Καῖσαρ

286 607 365 662 μὲν
397 602 554 649 οὐδένα
592 605 703 660 μετὰ
734 602 988 662 Ἀγρίππαν
1018 604 1221 663 εΗριύδου
1261 611 1579 665 προετίμησεν,
1617 603 1871 664 Ἀγρίππας
1909 608 1959 653 δὲ
1983 617 2006 651 5

176 678 255 718 362
285 673 396 729 μετὰ
427 677 636 729 Καίσαρα
667 676 844 730 πρῶτον
875 670 1090 718 ἀπεδίδου
1125 675 1280 732 φιλίας
1319 675 1459 718 τόπον
1486 673 1680 732 (Ηρώδῃ.
1739 676 1957 735 τοσαύτης

174 948 254 989 363

287 742 334 785 δὲ
375 741 578 796 ἐχόμενος
615 746 868 799 παρρησίας
905 744 970 798 τῷ
1006 742 1086 795 μὲν
1126 738 1307 800 ἀδελφῷ
1344 742 1533 800 Φερώρᾳ
1572 741 1695 799 παρὰ
1726 747 1957 800 Καίσαρος

283 805 478 867 ᾐτήσατο
513 814 770 864 τετραρχίαν
803 805 935 860 αὖτὸς
973 805 1223 864 ἀπονείμας
1261 809 1306 853 ἐκ
1345 813 1422 866 τῆς
1458 812 1690 865 βασιλείας
1729 811 1956 868 πρόσοδον

284 876 438 920 ἑκατὸν
468 876 717 931 ταλάντων,
758 875 818 928 ὥς
849 877 888 921 εἰ
917 881 992 921 καί
1021 895 1066 921 τι
1094 877 1281 931 πάσχοι,
1321 877 1376 920 τὰ
1413 874 1510 921 κατΊ
1547 878 1710 922 ἐκεῖνον
1741 875 1957 937 ἀσφαλῶς

285 944 397 999 ἔχειν
427 947 501 989 καὶ
530 944 589 1003 μὴ
620 945 723 997 τοὺς
753 945 862 996 υἱεῖς
894 941 1027 1001 αὐτῆς
1059 953 1247 1000 κρατεῖν.
1299 949 1508 1001 Καίσαρα
1539 943 1581 989 δ’
1617 947 1692 990 ἐπὶ
1723 947 1957 991 θάλατταν

286 1015 567 1069 προπέμψας
597 1010 658 1063 ὦς
689 1012 914 1071 ἐπανῆκεν,
951 1012 995 1055 ἓν
1024 1014 1078 1069 τῇ
1107 1012 1372 1069 Ζηνοδώρου
1404 1015 1805 1069 περικαλλέστατον
1836 1010 1957 1072 αὐτῷ

173 1086 255 1126 364
285 1079 391 1124 ναὸν
423 1079 579 1135 ἐγείρει
608 1084 775 1135 πέτρας
807 1082 957 1136 λευκῆς
988 1080 1179 1136 πλησίον
1208 1082 1286 1123 τοῦ
1308 1084 1481 1124 Πανίου
1511 1083 1794 1137 καλουμένου.
1840 1082 1957 1142 σπή-

172 1492 253 1533 365

284 1151 409 1191 λαιον
449 1147 493 1191 ἓν
532 1145 626 1202 ὄρει
664 1149 925 1203 περικαλλές
965 1145 1102 1200 ἐστιν,
1146 1143 1226 1190 ὑπ’
1263 1143 1369 1190 αὐτὸ
1403 1148 1450 1191 δὲ
1487 1151 1564 1207 γῆς
1608 1145 1838 1208 ὀλίσθημα
1880 1152 1957 1195 καὶ

281 1216 430 1271 βάθος
469 1212 727 1271 ἀπερρωγὸς
766 1212 932 1269 ἄβατον
969 1210 1130 1265 ἱῗδατος
1170 1211 1375 1272 ἀκινήτου
1415 1217 1571 1268 πλέον,
1612 1217 1879 1273 καθύπερθε
1909 1213 1952 1261 δ’

283 1281 387 1339 ὅρος
417 1286 717 1339 παμμέγεθες,
748 1280 836 1326 ὕπὸ
871 1283 918 1326 δὲ
947 1281 996 1325 τὸ
1031 1282 1251 1338 σπήλαιον
1284 1278 1598 1329 ἀνατέλλουσιν
1629 1285 1676 1328 αἱ
1706 1287 1846 1343 πηγαὶ
1876 1287 1957 1330 τοῦ

278 1347 498 1407 Ἰορδάνου
529 1353 749 1405 ποταμοῦ.
807 1353 964 1393 τοῦτον
996 1349 1326 1407 ἐπισημότατον
1357 1347 1464 1393 ὄντα
1495 1351 1574 1394 τὸν
1603 1351 1745 1396 τόπον
1783 1354 1856 1396 καὶ
1891 1355 1957 1410 τῷ

285 1421 378 1475 ναῷ
408 1419 783 1476 προσεκόσμησεν,
814 1417 864 1462 ὂν
897 1414 1083 1476 ἀφιέρου
1115 1422 1325 1472 Καίσαρι.

402 1492 438 1530 4.
476 1486 588 1530 Τότε
617 1489 688 1530 καὶ
720 1486 769 1530 τὸ
793 1490 942 1541 τρίτον
961 1489 1094 1542 μέρος
1126 1481 1267 1544 ἀφῆκε
1287 1487 1374 1528 τῶν
1396 1486 1548 1543 φόρων
1568 1496 1662 1538 τοῖς
1683 1486 1728 1530 ἐν
1747 1489 1801 1545 τῇ
1824 1490 1957 1543 βασι-

285 1556 404 1612 λείᾳ,
445 1554 678 1612 πρόφασιν
706 1555 786 1609 μὲν
818 1551 877 1605 ὦς
917 1550 1182 1608 ἀναλάβοιεν
1214 1553 1259 1596 ἐκ
1287 1555 1365 1610 τῆς
1404 1550 1616 1612 ἀφορίας,
1657 1554 1707 1598 τὸ
1741 1555 1789 1598 δὲ
1819 1557 1956 1600 πλέον

287 1619 590 1676 ἀνακτώμενος
615 1622 793 1676 ἔχοντας
814 1622 1060 1677 δυσμενῶς·
1092 1621 1201 1664 κατὰ
1223 1621 1305 1677 γὰρ
1325 1621 1404 1678 τὴν
1426 1622 1681 1679 ἐξεργασίαν
1701 1625 1789 1666 τῶν
1809 1622 1958 1667 τοιού-

284 1708 372 1732 των
405 1689 767 1748 ἐπιτηδευμάτων
789 1688 848 1741 ιῦς
880 1683 933 1733 ἂν
955 1691 1165 1747 λυομένης
1196 1685 1346 1740 αὐτοῖς
1375 1693 1451 1746 τῆς
1483 1688 1707 1745 εὐσεβείας
1727 1693 1800 1735 καὶ
1820 1707 1956 1746 μετα-

285 1758 546 1801 πιπτόντων
576 1761 665 1801 τιῦν
698 1758 818 1802 ἐθῶν
844 1759 1052 1812 χαλεπῶς
1091 1757 1272 1815 ἔφερον,
1314 1760 1387 1802 καὶ
1419 1757 1540 1814 λόγοι
1578 1758 1625 1802 δὲ
1655 1758 1835 1801 πάντων
1866 1757 1955 1815 ἐγί-

173 1833 255 1874 366
286 1843 410 1870 νοντο
451 1826 818 1881 παροξυνομένων
859 1821 927 1869 ἀεὶ
966 1827 1039 1869 καὶ
1077 1830 1427 1881 ταραττομένων.
1488 1823 1510 1870 ὃ
1553 1826 1597 1869 δὲ
1638 1844 1709 1869 και
1750 1825 1864 1907 πρὸς
1902 1825 1953 1870 τὸ

283 1897 485 1937 τοιοῦτον
525 1893 694 1951 εολλην
732 1911 810 1950 την
855 1892 1112 1948 ἐπιμέλειαν
1152 1893 1332 1952 ἐπῆγεν,
1381 1890 1707 1951 ἀφαιρούμενος
1749 1894 1829 1948 μὲν
1874 1893 1956 1945 τὰς

285 1957 519 2017 εὔκαιρίας,
553 1961 802 2005 ἐπιτάττων
834 1956 875 2004 δ’
902 1957 968 2004 ἀεὶ
1000 1964 1209 2018 γίνεσθαι
1240 1960 1354 2015 πρὸς
1382 1971 1477 2012 τοῖς
1508 1960 1676 2014 πόνοις,
1710 1952 1760 2018 ἧν
1786 1957 1828 2004 δ’
1856 1977 1958 2005 ουτε

399 2087 420 2130 ς
447 2087 507 2120 361
536 2102 579 2113 =
604 2085 833 2120 be11.1ud.1
857 2088 942 2129 4003
979 2086 999 2130 ς
1025 2087 1089 2119 363
1115 2103 1158 2114 =
1185 2085 1411 2121 be11.1ud.1
1435 2088 1513 2120 404.

396 2160 760 2235 ΡῈΒΑΜἹῙἮΕΒεῒ
772 2199 934 2234 Zonaras
962 2199 973 2233 1
1001 2211 1034 2243 p.
1052 2202 1127 2234 434.

398 2261 413 2292 1
435 2253 481 2293 τὰ
499 2267 567 2291 om.
586 2256 618 2291 E
708 2260 727 2292 2
752 2253 954 2298 *σύνολοι]
982 2269 1048 2292 ow
1067 2250 1159 2292 όλοι
1176 2255 1221 2288 W
1316 2257 1335 2288 3
1362 2254 1542 2302 ῥωμαίων
1558 2251 1678 2302 ἀρχὴν
1693 2259 1737 2289 tr.
1756 2253 1888 2290 FLVE

283 2310 480 2359 *τοσήιδε1
498 2310 616 2359 τόσην
632 2312 660 2347 Ρ
730 2315 752 2346 4
771 2307 945 2359 ἀγρίππα
964 2312 1092 2346 FLVE
1164 2315 1182 2346 5
1209 2307 1295 2354 μετ’
1313 2311 1443 2346 FLVE
1467 2309 1562 2356 μετά
1581 2306 1621 2357 γ’
1638 2311 1718 2346 coni
1788 2314 1808 2345 6
1826 2312 1955 2359 *πρῶ-

283 2384 352 2406 τον
377 2391 419 2395 -
439 2366 588 2415 (Ηρώδῃ
613 2380 681 2404 om.
701 2369 732 2404 V
825 2365 1000 2414 *τρόπον
1024 2368 1052 2402 Ρ
1157 2365 1365 2414 *τοιαύτησ
1388 2368 1421 2403 V
1448 2371 1548 2402 tanta
1572 2367 1642 2402 Lat
1747 2371 1763 2401 ἶ
1791 2366 1826 2404 δ’
1855 2367 1888 2403 Ε

285 2430 304 2462 8
329 2424 515 2473 ’ἠτίσατο
536 2426 561 2460 Ρ
634 2423 865 2471 *πρόσωδον
881 2425 911 2459 L
985 2428 1004 2459 9
1031 2421 1194 2470 *πάσχει
1219 2424 1249 2458 L
1324 2427 1363 2459 10
1389 2423 1524 2461 *υἱοὺσ
1540 2422 1760 2458 FLAMVW
1830 2419 1955 2471 αι’·τῆς]

283 2480 399 2521 αὐτοῦ
434 2482 768 2518 FLAMVWELat
870 2481 907 2517 δὲ
934 2481 966 2515 Ε
1075 2484 1112 2516 11
1139 2479 1327 2527 ἐπανῆγεν
1351 2481 1384 2516 Ε
1500 2479 1824 2527 περικαλέστατον
1847 2480 1881 2516 Ε

286 2544 326 2576 12
352 2541 532 2581 *Πανίου]
553 2538 720 2585 paneada
736 2538 807 2572 Lat
824 2538 991 2575 Πανείου
1007 2537 1087 2573 coni
1104 2542 1271 2572 monente
1287 2536 1460 2573 Hudsono
1534 2540 1573 2572 13
1596 2537 1817 2583 περικαλλές
1840 2535 1956 2580 ἐστιν]

284 2597 569 2643 περικαλέσεσιν
586 2596 632 2630 W
704 2595 907 2642 περικαλέσ
926 2595 973 2629 Ει
1043 2593 1149 2630 *ἐστι
1167 2594 1199 2629 V
1269 2589 1360 2630 *ὑπ’
1375 2589 1476 2631 αύτώ
1494 2593 1714 2628 FLAMVW
1797 2597 1836 2628 14
1861 2591 1955 2640 ἄβα-

284 2657 363 2695 τον]
391 2653 543 2700 (ἔφατον
567 2651 774 2687 FLAMVE
806 2650 1062 2686 inaccessibilis
1087 2651 1156 2686 Lat
1188 2646 1403 2698 ἀμέτρητον
1427 2649 1506 2685 bell.
1532 2649 1610 2684 Iud.
1635 2651 1657 2694 ς’
1682 2653 1746 2684 405
1850 2644 1955 2686 ὕδατι

283 2706 447 2755 ἀκινήτω
471 2710 503 2744 Ε
603 2706 849 2756 καθύπερθεν
874 2707 1022 2742 LVWE
1114 2707 1151 2744 δὲ
1177 2707 1250 2742 ΜΕ
1275 2710 1312 2742 et
1335 2717 1379 2742 ex
1402 2717 1494 2742 corr.
1512 2707 1545 2740 A
1639 2710 1678 2741 15
1705 2706 1742 2743 αὶ
1767 2716 1834 2741 om.
1853 2705 1886 2742 E

287 2772 326 2801 16
352 2762 587 2814 (Ἰορόά)Ιὶνου
610 2786 652 2790 -
678 2768 790 2807 399,2
815 2764 1076 2811 φωραθέντων
1099 2763 1160 2799 fol.
1188 2767 1275 2799 2051
1306 2764 1372 2799 col.
1393 2766 1411 2797 2
1437 2766 1514 2798 tota
1538 2762 1677 2807 repieta.
1701 2762 1730 2796 L
1847 2763 1954 2799 *τῶν

285 2821 416 2859 τόπων
443 2823 468 2857 Ρ
567 2825 630 2858 καὶ
655 2833 722 2857 om.
749 2821 782 2856 Ε
890 2824 927 2856 17
954 2821 1290 2867 *προσεκόσμισεν
1314 2819 1343 2854 Ε
1369 2816 1660 2866 προσεκόμησεν
1683 2818 1730 2852 W
1824 2815 1956 2865 *tiqui*

286 2893 383 2926 ρωσε
410 2881 463 2914 ed.
491 2890 543 2923 pr.
654 2880 693 2913 18
718 2873 881 2923 *α’φῆκε]
912 2872 1049 2920 ἀφίκεο
1074 2876 1120 2911 W
1234 2881 1270 2912 19
1296 2872 1479 2922 ειῖφορίασ
1505 2875 1536 2910 Ε
1645 2878 1685 2910 21
1713 2871 1769 2911 ὥσ
1795 2870 1954 2911 ἀναλυο-

284 2935 399 2981 μένησ
425 2935 455 2968 Ε
580 2937 621 2969 22
655 2937 733 2970 τῶν
764 2945 832 2969 om.
858 2933 891 2968 E
1017 2933 1067 2974 δὲ]
1102 2930 1159 2969 διὰ
1193 2932 1276 2969 coni
1398 2936 1439 2967 2⁴
1465 2929 1532 2977 τὴν
1556 2942 1624 2966 om.
1651 2931 1717 2966 ΥΕ
1841 2933 1883 2966 25
1915 2929 1954 2968 δὲ

284 2990 421 3026 FLAM
428 2989 467 3022 W
476 2990 506 3024 E
599 2990 634 3026 δὲ
661 2989 690 3024 L

1984 955 2026 990 1⁰

1984 1293 2024 1328 15

1985 1631 2027 1667 D

1985 1970 2023 2004 ²⁵
2088 1980 2091 2026 t
