2107 3377
351 225 439 261 XVI
1092 223 1285 260 Praefatio.

353 335 572 392 ἀρχιερεὺς
585 337 733 388 Ὅνιας
753 341 951 390 Σίμωνος
973 332 1032 379 ὢν
1065 333 1088 378 o‘
1110 336 1203 386 υἱὸς
1232 338 1310 379 τοῦ
1341 337 1524 379 δικαίου.
1574 339 1721 388 Σίμων
1744 334 1792 378 δὲ
1812 324 1863 391 ἧν
1894 332 2024 378 ἀδελ-

354 406 438 462 φὸς
464 403 733 460 Ἐλεαζάρου.
796 401 996 447 ἀπέθανε
1036 403 1083 447 δὲ
1120 403 1191 446 καὶ
1213 402 1364 454 ’Όνιας
1393 403 1470 459 τὴν
1502 402 1821 458 ἀρχιερωσύνην
1851 405 2023 456 Σίμωνι
2066 405 2096 421 ”’

352 479 416 530 τῴ
455 474 585 517 παιδὶ
624 472 899 523 καταλιπών,
939 485 1116 526 quorum
1154 485 1254 527 pars
1294 486 1347 514 ex
1383 473 1511 525 §156
1533 485 1594 525 sq.
1626 471 1759 526 petita
1790 474 1867 514 est.
1934 471 2022 515 iam

291 533 294 535 Α
353 543 500 594 1101·οξ
527 544 605 583 156
621 555 683 596 sq.
716 542 821 584 haec
842 542 1053 596 leguntur:
1084 540 1194 581 κατὰ
1225 540 1271 581 δὲ
1302 541 1404 589 τούς
1433 538 1611 592 χρόνοι-ς
1633 539 1915 589 Πτολεμαίου
1941 539 2021 580 τοῦ

354 608 592 664 Εὐεργέτου
625 609 666 651 οἱ
695 612 914 661 Σαμαρεῖς
955 604 1031 650 σι’-κ
1069 599 1113 649 εἷ’
1153 606 1426 660 πράσσοντες
1464 605 1609 648 πολλὰ
1649 603 1749 655 τούς
1784 603 2023 656 Ἰουδαίους

354 676 563 720 ἔκάκοσαν
594 677 672 733 τήν
711 693 757 718 τε
787 676 925 730 χώραν
957 670 1099 717 αὐτῶν
1138 673 1339 725 τεμόντες
1369 675 1438 716 καὶ
1472 673 1652 726 σώματα
1685 672 2021 726 διαρπάσαντες.

356 745 520 799 ἐγένετο
563 745 607 787 δὲ
647 745 784 785 ταῦτα
822 741 897 785 ἐπὶ
936 741 1166 795 ἀρχιερέως
1201 737 1366 783 Ὀνίου·
1413 740 1522 793 μετὰ
1560 740 1639 795 γὰρ
1678 740 1728 782 τὸ
1768 736 2022 784 ἀποθανεῖν

355 813 605 867 ,Μανασσῆν
620 810 763 860 Ὀνίας
784 810 957 860 ἐδέξατο
974 813 1171 862 Σίμωνος
1199 804 1257 850 ὢν
1282 807 1375 858 υἱὸς
1398 813 1474 850 τοῦ
1502 809 1670 850 δικαίου
1687 807 1927 863 κληθέντος
1942 814 2021 854 etc.

356 884 397 922 et
419 880 562 935 paullo
593 893 719 934 supra
749 881 774 932 ἓ
800 882 876 920 130
908 879 1013 920 haec
1045 878 1271 921 habemus:
1302 876 1601 927 πολεμοῦντος
1630 876 1710 930 γὰρ
1743 875 1877 919 αὐτοῦ
1908 875 2022 931 πρὸς

354 946 430 988 τὸν
465 946 754 998 Φιλοπάτορα
771 950 797 998 l)
829 945 1122 997 Πτολεμαῖον,
1156 941 1284 994 οὗτος
1313 944 1392 998 γὰρ
1424 943 1533 998 μετὰ
1571 944 1646 986 τὸν
1677 941 1916 1000 Εὐεργέτην
1945 948 2023 1000 τῆς

356 1014 591 1069 Αἰγύπτου
625 1013 922 1067 ἐβασίλευσεν·
955 1013 1251 1064 πολεμοῦντος
1284 1012 1328 1054 δὲ
1346 1010 1564 1067 Ἐπιφανῆ
1596 1015 1871 1054 κακοπαθεῖν
1902 1015 2023 1054 συνέ-

355 1085 479 1135 βαινε
510 1087 587 1125 010.
640 1087 681 1125 01
702 1083 843 1136 paullo
874 1086 971 1136 post
1000 1086 1098 1123 ante
1130 1078 1305 1134 νικήσας
1337 1082 1391 1135 (p.
1414 1083 1481 1134 94,
1504 1083 1572 1130 21)
1603 1079 1789 1123 additur:
1822 1076 1904 1121 ὅσα
1927 1082 2023 1133 μέν·

356 1164 426 1191 τοι
456 1166 502 1204 γε
535 1149 798 1201 διεπράξατο
832 1148 891 1197 εἰς
922 1149 972 1189 τὸ
1005 1150 1134 1196 ἔθνος
1164 1143 1283 1203 ἡμῶν
1314 1147 1616 1198 Πτολεμαῖος,
1658 1146 1702 1190 ἐν
1732 1149 1794 1203 τῷ
1835 1147 2023 1208 δευτέρῳ

356 1221 443 1258 τῶν
471 1218 760 1269 Πολεμαϊκιῦν
781 1217 872 1267 (Sic)
904 1214 1003 1269 {pair
1037 1216 1189 1269 εἴρητε.
1241 1227 1364 1269 porro
1384 1216 1410 1266 ἓ
1431 1216 1511 1256 234
1537 1214 1643 1258 haec
1664 1215 1890 1258 habemus:
1920 1210 2024 1270 ἦρξε

358 1279 399 1324 δ’
435 1283 604 1327 ἐκείνων
635 1286 720 1326 τιῦν
751 1286 905 1337 μερῶν.
961 1282 1170 1332 Σέλευκος
1210 1282 1255 1323 δὲ
1296 1277 1318 1322 ὃ
1354 1281 1625 1333 Φιλοπάτωρ
1659 1280 1915 1334 ἐβασίλευσε
1944 1283 2023 1339 τῆς

356 1354 516 1405 Συρίας
556 1353 624 1393 καὶ
664 1348 816 1400 Ἀσίας
856 1352 922 1404 ἔτη
967 1350 1132 1392 δώδεκα
1169 1350 1240 1390 καὶ
1283 1344 1595 1396 ἀποθανόντος
1635 1348 1681 1389 δὲ
1719 1348 1878 1391 τούτου
1916 1347 2018 1402 μετ’

359 1417 489 1460 αἰτόν
522 1425 599 1462 etc.
661 1425 701 1462 et
731 1427 827 1474 post
855 1421 881 1471 ἓ
903 1420 982 1460 235
1013 1416 1238 1472 (νεώτερος
1268 1431 1309 1471 p.
1336 1418 1428 1469 112,
1453 1415 1495 1469 8)
1534 1415 1640 1459 haee
1678 1415 1828 1459 addita
1867 1417 2023 1460 habes:

357 1491 532 1538 κατέσχε
566 1488 608 1528 δὲ
642 1486 715 1543 τὴν
747 1487 971 1538 ιοάσιλείαν
994 1487 1071 1540 τῆς
1101 1483 1340 1538 Αἰγύπτου
1373 1482 1653 1535 Πτολεμαῖος
1686 1479 1708 1524 ὃ
1743 1482 2024 1539 Φιλομήτωρ.

357 1555 512 1595 τοῦτον
539 1553 756 1605 (τοί-1002))
784 1554 902 1596 ἕκτον
933 1553 1030 1602 ἔτος
1064 1542 1113 1608 ιῖν
1144 1553 1222 1607 τῆς
1250 1549 1492 1604 βασιλείας,
1525 1548 1596 1593 ὅτε
1616 1546 1843 1603 Ἀντίοχος
1869 1548 2025 1594 ὃἘπι-

359 1625 495 1677 φανῇς
518 1621 767 1675 ἐβασίλευσε
800 1623 874 1676 τῆς
893 1617 1057 1670 Ἀσίας.
1110 1620 1216 1663 haee
1236 1619 1441 1662 sufficient
1471 1619 1527 1662 ad
1557 1619 1743 1662 indolem
1773 1620 1898 1663 huius
1927 1621 2025 1664 libri

360 1689 743 1742 demonstrandam,
776 1690 921 1741 quiex
942 1688 1122 1743 losepho
1147 1688 1418 1742 depromptus
1448 1687 1576 1729 uariis
1608 1701 1661 1730 ex
1692 1687 2026 1743 chronographis

359 1757 661 1800 additamentis
702 1764 849 1799 auctus
886 1761 970 1809 est,
1010 1762 1055 1798 ut
1093 1770 1187 1798 011111
1230 1755 1579 1797 Maccahaeorum
1618 1755 1738 1798 libris
1777 1755 2024 1799 coniunctus

360 1839 510 1880 00111115
542 1824 755 1878 quoddam
787 1824 1054 1867 historiarum
1095 1824 1260 1866 efficiat.
1323 1836 1447 1876 quem
1478 1822 1582 1865 satis
1621 1822 1794 1876 antiquo
1834 1828 2024 1878 tempore

360 1893 637 1946 compositum
669 1905 761 1934 0550
793 1891 945 1934 docent
968 1892 1154 1945 syncelli
1187 1891 1317 1934 uerba
1338 1904 1465 1945 supra
1496 1890 1682 1943 laudata,
1716 1903 1825 1943 quae
1854 1890 1911 1933 ad
1942 1891 2024 1934 hoe

357 1960 647 2002 Ptolemaicon
678 1967 870 2014 spectare
902 1959 1108 2001 uidentur.
1176 1971 1276 2001 usus
1314 1963 1377 2000 est
1421 1971 1470 2000 eo
1509 1958 1614 2001 libro
1645 1959 1803 2012 primus
1833 1957 2023 2012 Hudson,

360 2027 475 2081 apud
505 2040 630 2080 quem
660 2027 734 2069 NC
765 2033 959 2081 uocatur3
991 2040 1144 2069 nouam
1176 2026 1443 2069 collationem
1476 2025 1639 2068 curauit
1689 2025 1879 2079 mihique
1909 2025 2026 2069 misit

359 2095 562 2137 Driuerus
593 2097 802 2149 professor
833 2094 1096 2137 Oxoniensis.

471 2163 634 2206 Paucos
676 2162 823 2205 horum
864 2163 1064 2205 libroruin
1107 2163 1221 2204 locos
1260 2162 1313 2203 ab
1363 2162 1459 2203 aliis
1504 2161 1776 2215 scriptoribus
1825 2160 2024 2203 laudatos

360 2229 521 2284 inueni3
573 2236 615 2273 et
654 2231 837 2273 maxime
877 2230 1125 2285 conspicuus
1164 2234 1226 2271 051
1263 2229 1490 2282 Eusebius,
1541 2230 1613 2283 qui
1661 2230 1777 2272 locos
1817 2228 2024 2282 quosdam

359 2298 511 2351 attulit,
538 2304 579 2340 et
601 2303 696 2352 post
718 2298 944 2341 Eusebium
963 2297 1266 2352 chronographi
1283 2297 1489 2351 imprimis
1507 2297 1728 2351 Syncellus
1743 2300 1771 2345 2)
1790 2296 1927 2350 eique,
1953 2298 2026 2350 qui

359 2365 625 2408 sacerdotum
646 2367 795 2408 seriem
819 2379 871 2408 ex
894 2365 1071 2419 losepho
1095 2365 1312 2418 petierunt,
1337 2377 1511 2418 quorum
1538 2378 1642 2406 unus
1662 2371 1726 2406 est
1747 2363 2024 2419 Nicephorus.

359 2440 525 2486 praeter
543 2434 618 2475 hos
636 2432 931 2475 memorandus
949 2439 1010 2474 est
1029 2432 1215 2485 l’hotius,
1238 2432 1308 2485 qui
1323 2433 1493 2486 Iosephi
1513 2432 1787 2484 antiquitates
1808 2432 1850 2474 in
1874 2431 2018 2475 biblio-

359 2500 483 2542 theca
505 2501 569 2542 bis
589 2501 797 2554 excerpsit
820 2500 910 2543 cod.
934 2502 985 2541 76
1005 2502 1060 2555 (p.
1083 2503 1132 2540 52
1158 2500 1342 2549 Bekker)
1361 2508 1402 2542 01
1425 2502 1504 2541 235
1526 2507 1582 2554 (11.
1603 2502 1712 2549 313).
1755 2505 1800 2541 at
1815 2498 2025 2552 florilegia

359 2567 414 2609 ab
431 2567 618 2610 Iohanne
637 2569 904 2610 Damasceno
929 2567 1108 2620 aliisque
1127 2567 1307 2619 condita,
1333 2567 1373 2608 in
1401 2567 1552 2620 quibus
1574 2581 1654 2610 non
1673 2580 1767 2609 raro
1787 2566 2026 2610 sententiae

360 2647 411 2676 cx
446 2635 623 2689 loscpho
646 2635 921 2691 depromptae
943 2641 1101 2689 extant,
1134 2641 1298 2688 praeter
1320 2648 1444 2677 unum
1468 2635 1603 2677 locum
1634 2635 1694 2676 XI
1717 2635 1912 2688 331sq.³)
1942 2647 2025 2678 nou

480 2761 507 2797 1)
533 2755 726 2802 nsna'wvcs
753 2757 874 2800 codd.;
901 2757 985 2791 illud
1012 2756 1160 2791 Hudson
1184 2767 1227 2791 ex
1253 2757 1320 2792 hoc
1346 2756 1467 2791 codice
1491 2757 1637 2801 reecpit.

476 2819 507 2849 2·
533 2813 716 2858 Synccllus
736 2814 768 2848 111
788 2824 903 2848 10111111
925 2816 1103 2858 gestarum
1122 2813 1325 2848 narratione
1343 2824 1413 2847 non
1431 2813 1662 2858 antiquitates
1680 2814 1741 2848 scd
1760 2813 1890 2848 bellum
1906 2813 2025 2849 ludai-

361 2880 440 2904 cum
465 2870 636 2914 seqnitur.

477 2930 509 2963 3)
534 2927 593 2960 ubi
619 2933 758 2971 practer
783 2927 961 2971 exemplar
986 2925 1077 2970 typis
1104 2925 1312 2970 impressum
1347 2935 1433 2960 usus
1467 2936 1544 2960 sum
1569 2926 1636 2967 cis,
1672 2936 1762 2970 quae
1790 2925 1871 2961 Mac
1898 2925 2026 2962 Giffert

361 2982 594 3018 Americauus
620 2993 662 3017 cx
689 2983 809 3017 codice
834 2982 1080 3027 antiquissimo
1106 2982 1268 3017 Parisino
1293 2982 1479 3027 excerpsit.
