2107 3377
189 495 268 536 261

189 970 271 1010 262

188 1107 270 1148 263

188 1307 271 1348 264

189 1650 270 1690 265

303 175 384 213 288
722 176 884 221 ANTIQ.
910 177 1008 213 IUD.
1032 177 1118 213 XIV
1143 181 1321 215 260-265
1347 182 1554 224 (Ru—26)

298 285 522 343 Ῥωμαίων
552 289 626 332 ἵνα
656 288 767 331 κατὰ
787 288 842 332 τὰ
865 289 1130 345 νομιζόμενα
1152 291 1236 350 ἔθη
1260 292 1534 349 συνάγωνται
1553 296 1628 338 καὶ
1648 296 1974 342 πολιτεύωνται

301 359 375 400 καὶ
407 356 750 409 διαδικάζωνται
780 357 896 415 πρὸς
927 355 1097 412 αὗτοὺς,
1131 360 1248 417 δοθῇ
1277 377 1326 403 τε
1353 363 1428 404 καὶ
1458 361 1601 413 τόπος
1633 358 1796 416 αὗτοῖς,
1829 364 1894 415 εἷς
1923 364 1974 409 ὃν

304 424 614 481 συλλεγόμενοι
643 424 755 479 μετὰ
784 427 1000 481 γυναικῶν
1029 428 1103 469 καὶ
1132 431 1294 471 τέκνων
1325 427 1607 474 ἐπιτελοῦσιν
1643 429 1725 482 τὰς
1755 436 1975 487 πατρίους

304 488 431 546 εὐχὰς
460 494 534 536 καὶ
564 496 731 544 θυσίας
760 495 825 549 τῷ
844 496 961 550 θεῷ·
995 494 1210 548 δεδόχθαι
1240 498 1294 553 τῇ
1322 497 1461 554 βουλῇ
1486 498 1645 553 καὶτῷ
1667 497 1791 556 δήμῳ
1823 514 1974 556 συγκε-

299 562 538 616 χωρῆσθαι
579 557 730 612 αὐτοῖς
769 565 1099 616 συνερχομένοις
1138 562 1182 606 ἐν
1220 573 1319 614 ταῖς
1358 559 1752 620 ἀποδεδειγμέναις
1789 563 1976 623 ἡμέραις
2006 577 2021 585 ’

302 627 522 683 πράσσειν
552 628 607 671 τὰ
638 628 750 672 κατὰ
780 646 883 680 τους
912 626 1055 673 αυτῶν
1087 631 1270 685 νόμους,
1311 627 1621 690 ἀφορισθῆναι
1652 629 1694 676 δ’
1722 630 1872 685 αὐτοῖς
1900 635 1974 678 καὶ

300 695 443 738 τόπον
473 693 562 738 υπὸ
594 699 683 739 τῶν
714 700 969 756 στρατηγῶν
1000 698 1063 749 εἰς
1104 698 1362 754 οἰκοδομίαν
1399 703 1472 744 καὶ
1511 701 1682 759 οι’κησιν
1721 698 1884 755 αυτῶν,
1923 701 1975 745 ὃν

302 781 357 805 αν
395 761 684 819 υπολάβωσιν
725 764 841 821 πρὸς
887 763 1008 809 τοῦτ’
1053 765 1305 824 ἐπιτήδειον
1345 766 1479 821 εἶναι,
1519 764 1645 820 όπως
1682 785 1730 812 τε
1767 778 1862 820 τοῖς
1898 774 1977 827 τῆς

303 830 479 882 πόλεως
509 828 803 888 ἀγορανόμοις
834 833 1040 888 επιμελὲς
1069 852 1095 892 η
1127 837 1199 878 καὶ
1231 835 1286 878 τὰ
1316 835 1497 888 εκείνοις
1527 836 1642 891 πρὸς
1671 836 1842 895 τροφὴν
1874 835 1975 881 ἐπι-

301 898 457 954 τηδεια
487 909 637 944 ποιεῖν
668 901 947 957 εἰσάγεσθαι.

417 972 482 1013 25.
511 968 728 1027 Ψήφισμα
744 965 971 1027 Ἐφεσίων.
1015 970 1088 1013 ἐπὶ
1107 970 1364 1025 πρυτάνεως
1385 974 1652 1030 Μηνοφίλου
1667 971 1805 1030 μηνὸς
1824 968 1976 1028 Ἀρτε-

301 1040 455 1090 μισίου
485 1039 539 1093 τῇ
570 1040 767 1094 προτέρᾳ
798 1037 920 1088 ἔδοξε
950 1039 1014 1093 τῷ
1045 1037 1184 1095 δήμῳ,
1216 1038 1424 1095 Νικάνωρ
1455 1036 1668 1097 Εὐφήμου
1700 1038 1824 1083 εἶπεν
1856 1039 1977 1098 εἰση-

301 1107 558 1161 γησαμένων
598 1107 686 1147 τῶν
735 1107 1003 1162 στρατηγῶν.
1079 1104 1179 1148 ἐπεὶ
1223 1103 1486 1160 ἐντυχόντων
1532 1109 1621 1150 τῶν
1668 1107 1712 1150 ἓν
1751 1109 1807 1164 τῇ
1844 1107 1978 1150 πόλει

298 1166 524 1214 Ἰουδαίων
555 1172 731 1228 Μάρκῳ
766 1169 934 1228 Ἰουλίῳ
967 1177 1162 1216 Ποντίου
1200 1175 1283 1230 υἱῷ
1314 1174 1497 1231 Βρούτῳ
1537 1171 1812 1232 ἀνθυπάτῳ,
1851 1169 1978 1226 ὅπως

304 1235 445 1294 ι’ἱγωσι
474 1238 531 1281 τὰ
563 1239 766 1294 σάββατα
796 1242 869 1283 καὶ
901 1240 1050 1283 πάντα
1081 1244 1275 1285 ποιῶσιν
1304 1241 1416 1284 κατὰ
1445 1241 1500 1285 τὰ
1521 1241 1693 1298 πάτρια
1715 1238 1859 1286 αὐτῶν
1889 1242 1975 1301 ἔθη

302 1305 490 1364 μηδενὸς
522 1302 672 1358 αὐτοῖς
703 1307 911 1362 ἐμποδῶν
940 1311 1184 1364 γινομένου,
1217 1307 1239 1352 ὅ
1274 1309 1517 1368 στρατηγὸς
1554 1311 1873 1369 συνεχώρησεν,
1906 1311 1977 1354 δε-

302 1375 468 1429 δόχθαι
497 1377 562 1432 τῷ
593 1375 730 1432 δήμῳ,
762 1379 840 1419 τοῦ
865 1376 1128 1433 πράγματος
1154 1374 1387 1432 Ῥωμαίοις
1420 1374 1664 1435 ἀνήκοντος,
1695 1378 1862 1435 μηδένα
1891 1395 1979 1421 κω-

302 1443 494 1487 λύεσθαι
524 1453 799 1502 παρατηρεῖν
828 1443 907 1500 τὴν
937 1447 1025 1488 τῶν
1066 1445 1302 1501 σαββάτων
1340 1443 1507 1505 ἡμέραν
1545 1446 1657 1504 μηδὲ
1692 1441 1978 1502 πράττεσθαι

303 1511 542 1566 ἐπιτίμιον,
576 1511 915 1570 ἐπιτετράφθαι
946 1509 984 1555 δ’
1020 1509 1170 1564 αὐτοῖς
1201 1513 1350 1557 πάντα
1380 1523 1530 1558 ποιεῖν
1559 1513 1670 1557 κατὰ
1700 1513 1805 1565 τοὺς
1836 1514 1979 1566 ἰδίους

303 1576 446 1623 αὐτῶν
478 1580 652 1634 νόμους.

417 1652 485 1691 26.
516 1648 674 1691 Πολλὰ
704 1648 784 1703 μὲν
816 1639 891 1692 οὖν
923 1648 1042 1692 ἐστιν
1081 1651 1154 1693 καὶ
1193 1646 1306 1692 ἄλλα
1336 1652 1523 1693 τοιαῦτα
1553 1651 1606 1707 τῇ
1638 1648 1860 1706 συγκλήτῳ
1901 1649 1976 1693 καὶ

300 1725 396 1767 τοῖς
427 1713 749 1773 αὐτοκράτορσι
788 1726 883 1768 τοῖς
915 1714 1140 1772 Ῥωμαίων
1180 1718 1378 1773 δόγματα
1418 1717 1534 1772 πρὸς
1567 1714 1772 1773 Ὑρκανὸν
1810 1718 1884 1760 καὶ
1922 1715 1973 1760 τὸ

414 1851 474 1886 PF
477 1852 698 1887 LAMVLat

420 1912 432 1943 1
456 1905 520 1944 ἵνα
544 1911 628 1953 post
652 1906 722 1956 ἔθη
744 1913 789 1944 tr.
815 1909 844 1943 P
913 1906 1142 1955 συνάγονται
1166 1908 1226 1943 PL
1304 1911 1367 1946 καὶ
1392 1907 1664 1946 πολιτεύωνται
1690 1919 1758 1944 om.
1783 1907 1933 1943 AMLat

302 1962 568 2002 πολιτεύονται
592 1966 671 2001 PL²
740 1968 760 2000 2
784 1968 848 2002 καὶ
872 1960 1156 2010 διαδικάζωνται
1181 1962 1280 2012 πρὸς
1305 1962 1453 2008 αὖτοὺς]
1479 1970 1514 2000 et
1537 1965 1671 2000 iudicia
1695 1975 1762 2000 sua
1778 1963 1978 2010 disponant

301 2021 374 2056 Lat
435 2016 734 2067 διαδικάζωνται]
752 2020 1031 2067 διαδικάζονται
1048 2022 1076 2056 Ρ
1091 2020 1141 2067 μὴ
1159 2019 1461 2067 διαδικαζώμεθα
1480 2020 1523 2064 (αἱ
1539 2032 1582 2056 ex
1598 2018 1619 2057 ό
1637 2032 1730 2057 corr.
1744 2021 1788 2065 L)
1800 2020 1940 2056 FLAM

303 2074 445 2115 αὖτοὺσ
469 2079 571 2115 codd.
642 2082 751 2125 δοθῇ]
777 2077 894 2126 ἐδόθη
918 2073 956 2117 (ό
972 2079 1009 2113 in
1027 2076 1056 2114 ω’
1076 2089 1168 2114 corr.
1187 2079 1231 2116 L)
1249 2078 1463 2114 FLAMLat
1541 2073 1675 2115 αι’·τοῑσ
1698 2079 1761 2114 καὶ
1786 2075 1914 2115 τόποσ
1929 2080 1976 2114 tr.

302 2134 331 2168 F
335 2134 441 2168 LAM
512 2138 530 2170 3
556 2133 805 2178 ἐπιτελοῦσιν]
833 2136 913 2171 coni
935 2134 1158 2172 ἐπιτελῶσιν
1175 2135 1202 2169 Ρ
1227 2134 1426 2172 ἐπιτελεῦσι
1447 2135 1558 2170 FLA¹
1583 2134 1794 2172 ἐπιτελοῖεν
1811 2134 1850 2169 Μ
1875 2136 1911 2170 et
1933 2143 1978 2170 ex

303 2202 394 2226 corr.
421 2192 455 2225 A
478 2193 620 2237 possint
644 2192 827 2228 celebrare
851 2192 923 2227 Lat
994 2195 1014 2226 4
1039 2191 1228 2238 δεδόχθαι]
1256 2189 1429 2229 δέδοκται
1457 2187 1525 2229 οὖν
1549 2197 1606 2231 (xz
1632 2192 1655 2227 i.
1681 2202 1766 2233 ras„
1792 2185 1860 2228 οὖν
1884 2201 1913 2227 8.
1930 2191 1976 2232 A)

301 2247 439 2282 FLAM
465 2249 580 2294 iqicur
603 2250 720 2284 uisum
745 2256 798 2284 esc
824 2249 895 2283 Lat
988 2250 1290 2296 συγκεχωρίσθαι
1316 2249 1342 2283 P
1369 2252 1692 2295 συγκεχωρεῖσθαι
1709 2248 1740 2283 L
1834 2251 1852 2283 5
1879 2243 1976 2285 ἄπο·

301 2303 565 2351 δέδειγμέναις]
591 2303 1007 2358 προαποδεδειγμέναισ
1033 2305 1136 2340 FAM
1161 2300 1598 2352 προσιῖπεδεδειγμέναισ
1622 2305 1652 2339 L
1770 2308 1790 2340 6
1815 2298 1978 2351 πράσειν

303 2384 332 2418 L
427 2382 473 2422 τὰ
499 2397 568 2421 om.
593 2385 622 2420 P
716 2380 854 2429 αυτῶν]
881 2362 1023 2423 0:523}ss
1047 2385 1077 2420 L
1188 2389 1205 2419 ἵ
1232 2385 1295 2427 εἰς]
1323 2384 1384 2420 οἰσ
1409 2384 1438 2419 F
1533 2387 1552 2420 8
1578 2381 1673 2421 εἶναι
1698 2395 1767 2420 om.
1794 2383 1931 2419 FLAM

302 2447 321 2475 ί)
348 2436 624 2490 α’γωρανόμοισ
648 2442 678 2476 L
771 2440 971 2480 ἐπιτείδεια
996 2442 1026 2477 F
1123 2446 1159 2478 11
1187 2444 1410 2489 μηνοᾳίλου,
1436 2457 1455 2487 η
1480 2452 1523 2476 ex
1548 2457 1559 2477 ι
1585 2451 1676 2477 corr.
1700 2440 1734 2474 A
1826 2436 1977 2488 άρτεμι·

304 2501 401 2543 σίου,
426 2515 437 2535 ι
464 2510 508 2534 ex
532 2515 553 2546 η
578 2509 670 2535 corr.
696 2499 726 2534 L
808 2502 847 2533 12
874 2496 1033 2543 ἔδοξε-
1048 2496 1164 2544 εἶπεν]
1191 2499 1345 2534 nicanor
1369 2497 1528 2543 enplaez'mi
1552 2497 1649 2532 dia-it
1669 2497 1812 2543 placuit
1830 2496 1976 2544 populo
2031 2499 2038 2504 ⁷
2099 2504 2102 2514 ¹

303 2555 373 2590 Lat
505 2553 623 2597 εἶπεν]
649 2555 768 2593 εἰπεῖν
793 2555 821 2590 Ρ
955 2559 996 2591 14
1022 2550 1172 2604 Μάρκῳ
1196 2575 1238 2580 -
1263 2554 1343 2603 υἱῷ]
1371 2548 1518 2602 Μάρκῳ
1542 2549 1680 2602 Ἰουνίῳ
1707 2548 1873 2600 Μάρκου
1895 2553 1977 2591 υἱοῦ

303 2613 503 2656 Bergmann
528 2613 649 2658 philol.
675 2613 711 2647 II
736 2616 800 2647 687
828 2615 880 2649 Μ.
906 2607 1044 2658 'lom-1¹40
1073 2613 1256 2648 Καιπίωνι
1283 2612 1340 2646 uel
1369 2614 1411 2646 M
1443 2607 1582 2658 Ἰοτι-’ίῳ
1602 2605 1766 2656 Μάρκου
1790 2610 1858 2659 υἱῷ
1886 2612 1976 2647 Και-

304 2668 413 2705 πίωνι
440 2669 580 2704 Ritschl
605 2680 696 2704 mus.
722 2669 835 2704 Rhen.
864 2671 905 2704 28
931 2680 966 2713 p.
992 2671 1058 2704 613
1167 2668 1344 2709 Ποντίου]
1369 2667 1548 2713 πομπηίω
1575 2667 1710 2702 FLAM
1812 2666 1977 2704 Ποντίου

304 2725 370 2772 υὶῷ
398 2736 465 2761 om.
494 2728 562 2761 Lat
700 2723 868 2774 βρούτου
893 2725 1029 2761 FLAM
1174 2729 1211 2760 15
1238 2723 1287 2771 ἅ)
1290 2727 1370 2766 ωσι]
1397 2738 1445 2770 αγ
1447 2722 1580 2770 ι’)ωσι,
1605 2719 1654 2770 α’)
1678 2723 1832 2759 deletum
1859 2724 1885 2758 P

307 2786 348 2816 16
372 2779 550 2826 ἐμποδὼν
575 2793 643 2818 om.
669 2783 700 2817 L
835 2787 873 2818 17
901 2797 953 2832 τῳ
979 2778 1093 2832 δήμῳ]
1119 2782 1219 2817 PLat
1243 2784 1287 2827 τῆ
1311 2784 1429 2827 βουλη
1453 2783 1517 2816 καὶ
1541 2794 1593 2816 τω
1619 2774 1722 2825 δήιιω
1749 2780 1885 2816 FLAM

309 2842 346 2872 18
371 2839 461 2885 μηδὲ
485 2860 527 2864 -
556 2843 595 2874 19
621 2838 808 2884 ἐπιτίμιον
833 2850 902 2875 om.
929 2840 998 2875 Lat
1119 2834 1359 2886 πράσσεσθαι
1387 2836 1523 2871 FLAM
1642 2840 1681 2871 1‘t
1705 2830 1975 2884 ἐπιτετράφθω

305 2895 441 2929 FLAM
536 2894 624 2939 τοὺς
648 2896 772 2940 ἰδίους]
798 2897 964 2931 iudaicus
987 2896 1058 2930 Lat
1151 2899 1191 2930 21
1218 2895 1288 2939 μὲν
1312 2905 1368 2929 om
1405 2893 1437 2928 V
1530 2896 1573 2939 τι]
1599 2886 1792 2940 συγκλήτω
1818 2895 1975 2930 τοιαῦτα

304 2956 347 2986 tr.
375 2951 509 2986 FLAM
605 2956 646 2987 22
672 2959 753 2996 τοῖς
771 2951 977 2998 Ῥωμαίων]
1003 2951 1187 2999 ῥωμαίων
1210 2950 1380 2986 FLAMV
