2107 3377
182 474 263 516 373

183 746 264 786 374

184 1086 265 1126 375

182 1288 264 1329 376

185 1493 265 1534 377

185 1765 265 1806 378

297 220 377 258 400
750 218 911 263 ANTIQ.
936 218 1036 254 IUD.
1060 218 1129 253 XV
1153 220 1330 254 372—378
1355 220 1444 260 (ΧΑ.
1461 221 1492 259 5)

292 333 371 392 τὴν
401 332 570 391 θνητὴν
592 332 739 390 (μ’-,σιν
772 331 915 375 εἰπεῖν
947 328 1093 382 ἄξιον·
1125 327 1174 376 οὗ
1206 330 1288 388 γὰρ
1321 327 1528 388 ἀπρεπὴς
1558 327 1581 374 ὃ
1606 329 1733 386 λόγος
1755 340 1963 388 φανεῖται

294 405 357 458 τῶ
387 404 488 465 τῆς
495 402 694 457 ἱστορίας
723 402 837 455 γένει
868 398 1138 455 παραδηλῶν
1167 401 1241 442 καὶ
1272 398 1350 455 τὴν
1380 395 1493 451 ἕπερ
1523 397 1689 441 τούτων
1718 396 1963 478 ιπόληψιν.

438 459 557 512 .ῗΗν
577 485 645 518 τις
676 469 760 510 τῶν
785 464 999 524 Ἐσσηνῶν
1021 466 1273 524 Μανάημος
1304 462 1444 520 ὅνοιια
1475 466 1548 508 καὶ
1577 464 1718 508 τᾶλλα
1747 464 1858 508 κατὰ
1883 464 1962 523 τὴν

294 541 559 594 προαίρεσιν
588 552 664 578 τοι
702 539 802 590 βίου
836 498 1168 591 καλοκαγαθίαν
1207 532 1560 616 μαρτυρούμενος
1597 533 1671 575 καὶ
1709 532 1963 589 πρόγνωσιν

296 604 340 648 ἐκ
378 607 489 647 θεοῦ
519 606 607 646 τῶν
641 602 891 657 μελλόντων
930 602 1050 656 ἔχων.
1110 605 1238 652 οὗτος
1277 602 1337 644 ἔτι
1380 600 1523 644 παῖδα
1561 599 1639 643 τὸν
1666 597 1872 658 ‘Hqcbdryv
1903 599 1966 652 εἷς

296 671 563 715 διδασκάλοι
604 673 830 727 φοιτῶντα
874 669 1067 713 κατιδών
1104 670 1292 725 βασιλέα
1327 664 1558 712 'loz-Mum
1596 667 1964 725 προσηγόρευσεν

296 737 318 783 ό
353 735 394 782 δ
422 735 594 795 ἀγνοεῖν
623 732 650 794 ἦ
680 737 1084 793 κατειρωνεύεσθαι
1114 736 1302 791 νομίζων
1327 731 1460 779 αἰτὸν
1494 735 1811 793 ἀνειιίμνησκεν
1841 735 1966 780 ἰδιώ-

293 824 370 864 της
401 804 474 849 ὤν.
521 805 775 864 Μανάημος
806 806 852 848 δὲ
882 805 1118 860 μειδιάσας
1151 801 1290 862 ἠρέιια
1319 821 1391 846 και
1423 803 1600 846 τύπτων
1630 805 1683 860 τῇ
1710 804 1824 858 χειρὶ
1853 802 1966 846 κατὰ

294 877 381 918 τῶν
412 875 605 930 γλουτῶν
636 871 779 927 ,,άλλά
808 890 878 916 τοι
908 875 982 916 καὶ
1010 845 1302 928 βασιλεύσεις,
1335 870 1433 928 ἔφη,
1464 873 1537 914 καὶ
1558 870 1637 929 τὴν
1660 867 1793 927 ἀρχὴν
1815 866 1967 915 εὗδαι-

293 942 440 997 μόνως
472 938 679 992 ἀπάξεις·
709 937 899 998 ἠξίωσαι
929 939 1011 995 γὰρ
1044 939 1088 982 ἐκ
1118 941 1242 982 θεοῦ.
1291 940 1365 981 καὶ
1386 942 1581 996 μέμνησο
1603 941 1688 981 τῶν
1710 937 1965 997 ΖΠαναήμου

294 1011 494 1068 πληγῶν,
537 1008 651 1052 ὥστε
683 1025 755 1052 σοι
784 1010 857 1051 καὶ
888 1010 1020 1050 τοῦτο
1054 1007 1274 1061 σύμβολον
1306 1003 1418 1048 εἶναι
1448 1008 1534 1048 τῶν
1571 1004 1682 1048 κατὰ
1722 1003 1798 1062 τὴν
1835 1005 1966 1063 τύχην

294 1077 637 1133 μεταπτώσεων.
685 1073 866 1131 ἄριστος
895 1074 977 1130 γὰρ
1009 1071 1031 1117 ὁ
1054 1076 1256 1124 τοιοῦτος
1278 1072 1499 1128 λογισμός,
1532 1072 1665 1116 εἶκαὶ
1687 1072 1967 1131 δικαιοσύνην

296 1141 574 1202 ἀγαπήσειας
604 1147 677 1188 καὶ
708 1142 822 1199 πρὸς
856 1141 933 1185 τὸν
964 1141 1075 1185 θεὸν
1107 1137 1330 1195 εὗσέβειαν
1363 1140 1603 1183 ἐπιείκειαν
1636 1139 1682 1183 δὲ
1714 1139 1828 1195 πρὸς
1865 1141 1968 1192 τοὺς

295 1215 504 1263 πολίτας·
547 1209 645 1255 ἀλλ’
682 1207 731 1255 οὗ
762 1210 845 1267 γὰρ
877 1207 978 1253 οἶδά
1018 1224 1067 1252 σε
1105 1211 1308 1252 τοιοῦτον
1349 1207 1537 1251 ἔσεσθαι
1575 1206 1624 1250 τὸ
1658 1209 1749 1250 πᾶν
1781 1206 1968 1252 ἐπιστά-

294 1296 438 1345 μενος.
489 1275 664 1337 εῧτιχία
693 1279 774 1334 μὲν
803 1277 886 1357 γαρ
917 1272 1022 1321 όσον
1054 1294 1131 1319 ουκ
1162 1273 1294 1326 ἄλλος
1333 1276 1520 1326 διοίσεις
1558 1277 1629 1318 καὶ
1669 1274 1795 1332 τεύξῃ
1839 1275 1969 1333 δόξης

298 1348 502 1401 αἰωνίοι,
543 1347 686 1405 λήθην
718 1343 758 1390 δ’
796 1341 1022 1400 ευσεβείας
1053 1343 1164 1396 ε’ξεις
1194 1347 1267 1389 καὶ
1297 1346 1375 1387 τοῦ
1407 1343 1593 1387 δικαίου.
1644 1345 1783 1386 ταῦτα
1815 1338 1857 1385 δ’
1894 1344 1970 1387 οὐκ

298 1410 350 1460 άν
382 1417 521 1460 λάθοι
551 1415 627 1459 τὸν
658 1414 768 1458 θεὸν
801 1413 877 1456 επὶ
911 1415 964 1470 τῇ
994 1413 1282 1468 καταστροφῇ
1319 1413 1398 1454 τοῦ
1436 1412 1537 1465 βίοι
1575 1427 1653 1466 της
1694 1405 1789 1453 ἀντ’
1825 1406 1969 1454 αὐτῶν

298 1480 426 1542 ὀργῆς
468 1480 985 1540 απομνημονευομένηςέί
1043 1479 1218 1528 τούτοις
1257 1474 1414 1522 αὐτίκα
1452 1479 1532 1533 μὲν
1567 1473 1726 1534 ἥκιστα
1760 1477 1838 1523 τὸν
1870 1481 1970 1522 νοῦν

295 1562 530 1609 προσεῖχεν
553 1551 703 1595 ελπίδι
728 1548 991 1604 λειπόμενος
1024 1544 1165 1591 αυτῶν
1182 1543 1399 1602 εΗριύδης,
1430 1545 1541 1589 κατὰ
1562 1545 1719 1602 μικρὸν
1741 1545 1789 1589 δὲ
1812 1541 1971 1602 ἀρθεὶς

297 1621 378 1672 έως
407 1622 480 1664 καὶ
511 1622 588 1664 τοῦ
617 1617 868 1674 βασιλεύειν
888 1618 961 1660 καὶ
984 1611 1174 1669 ειτυχεῑν
1206 1613 1249 1658 έν
1272 1616 1334 1670 τῶ
1356 1617 1539 1670 μεγέθει
1566 1617 1643 1671 τῆς
1672 1609 1806 1671 ἀρχῆς
1833 1629 1969 1668 μετα-

296 1689 526 1744 πέμπεται
555 1687 632 1730 τὸν
655 1685 910 1743 ΖΙΙανάημον
941 1686 1015 1728 καὶ
1045 1685 1150 1739 περὶ
1180 1685 1259 1726 τοῦ
1285 1682 1445 1737 χρόνου
1477 1681 1620 1725 πόσον
1643 1678 1765 1737 ἄρξει
1789 1681 1970 1725 διεπυν-

297 1757 475 1800 θάνετο.
522 1754 774 1812 ΖΠανάημος
806 1753 853 1796 δὲ
882 1751 931 1795 τὸ
965 1753 1044 1806 μὲν
1069 1751 1249 1806 σύμπαν
1272 1746 1347 1793 οὐκ
1370 1747 1514 1792 εἶπεν·
1548 1746 1608 1800 ῶς
1639 1749 1686 1792 δὲ
1708 1751 1970 1800 σιωπῶντος

299 1824 452 1877 αὐτοῦ,
492 1823 627 1878 μόνον
659 1821 697 1865 εἰ
729 1821 832 1864 δέκα
862 1820 1120 1877 γενήσονται
1154 1820 1386 1874 βασιλείας
1426 1817 1617 1861 ἐνιαυτοὶ
1651 1812 1969 1872 προσεπύθετο

296 1894 370 1936 καὶ
401 1893 541 1936 εἴκοσι
570 1892 644 1933 καὶ
675 1888 910 1945 τριάκοντα
942 1886 1082 1931 εἰπών
1111 1885 1189 1929 τὸν
1220 1881 1324 1941 ὅρον
1347 1881 1423 1928 οὐκ
1454 1884 1650 1942 ἐπέθηκε
1669 1887 1732 1941 τῷ
1753 1885 1869 1928 τέλει
1892 1886 1970 1942 τῆς

411 2081 774 2118 PFLAMVWELat
787 2081 946 2115 Zonaras
972 2078 988 2113 I
1013 2090 1047 2123 p.
1067 2080 1145 2112 435.

412 2143 431 2175 3
455 2138 630 2186 *ἐσηνῶν
646 2142 679 2171 A
747 2133 962 2182 μανάημοσ,
986 2136 1008 2170 i.
1027 2145 1136 2177 marg.
1156 2139 1171 2169 ἰ’
1186 2135 1218 2168 Α
1240 2130 1435 2178 μανάιμοσ
1451 2132 1556 2167 FME
1626 2127 1757 2175 τᾶλλα]
1783 2128 1905 2169 πολλὰ
1923 2131 1971 2168 W

298 2194 344 2234 τὰ
370 2195 466 2234 ἄλλα
491 2196 523 2230 Ε
632 2197 652 2228 4
676 2193 971 2239 *καλοκαγαθία
996 2190 1219 2226 FLAMVW
1328 2193 1347 2224 ὃ
1372 2187 1626 2226 *διδάσκαλον
1650 2189 1679 2224 F
1710 2189 1878 2224 doctores
1902 2188 1972 2223 Lat

299 2250 549 2290 διδασκάλουσ
580 2251 742 2286 Zonarae
767 2248 846 2284 cod.
871 2249 905 2281 A
1020 2247 1218 2283 *ἰουὸαῖον
1241 2246 1271 2280 L
1387 2243 1704 2293 *προηγόρευσεν
1727 2245 1755 2280 Ρ
1781 2241 1975 2292 προσηγό-

301 2322 409 2357 ρευσε
435 2309 464 2343 F
497 2308 672 2343 salutauit
695 2306 767 2341 Lat
879 2308 896 2338 ’ῖ
925 2301 945 2341 ὁ
972 2300 1006 2341 δ’
1026 2325 1066 2329 —-
1094 2308 1113 2339 S
1138 2301 1203 2346 ὤν]
1237 2304 1302 2348 qm·
1324 2302 1469 2337 illusum
1494 2313 1533 2338 se
1556 2308 1697 2349 putans
1727 2300 1975 2336 commonebat

299 2378 379 2402 eum
401 2376 567 2402 sermone
591 2363 711 2398 adhuc
733 2363 904 2408 priuatus
928 2361 999 2395 Lat
1083 2359 1150 2396 *δὲ
1175 2359 1208 2394 Ε
1289 2356 1339 2405 *ἢ
1363 2369 1432 2394 om.
1458 2359 1486 2394 P
1571 2355 1920 2405 *κατιρωνεύεσθαι
1944 2356 1972 2391 Ρ

297 2421 631 2468 κατειρονεύεσθαι
656 2420 686 2454 L
775 2414 1084 2464 *α’ναμίμνησκεν
1101 2417 1145 2451 W
1242 2418 1261 2451 8
1285 2413 1500 2462 μανάημοσ,
1524 2415 1547 2451 i.
1567 2426 1676 2460 marg.
1692 2420 1708 2451 ϊ
1722 2417 1753 2450 Α
1777 2411 1972 2459 μανάιμοσ

299 2479 405 2514 FME
497 2481 517 2513 9
543 2475 642 2513 *τὸν
665 2472 828 2523 γλουτὸν
852 2475 884 2510 V
980 2479 1019 2508 10
1045 2469 1259 2519 *άπάρξεισ
1284 2472 1332 2507 W
1355 2470 1529 2515 κατάξεις
1552 2476 1615 2507 aut
1639 2464 1777 2514 διάξεις
1797 2470 1881 2506 coni

298 2531 461 2580 *ἠξίωσε
485 2535 516 2569 L
619 2529 814 2578 μαναήλου
838 2531 868 2565 F
892 2529 1084 2575 μαναίμου
1109 2529 1182 2564 ΜΕ
1287 2530 1378 2564 *καὶ
1403 2531 1517 2565 τοῦτο
1544 2541 1605 2564 σοι
1630 2532 1674 2562 tr.
1693 2527 1724 2562 V
1828 2529 1969 2563 *τοῦτο

299 2603 368 2626 om.
395 2590 434 2624 M
529 2593 569 2625 12
593 2591 656 2625 καὶ
682 2600 750 2624 om.
772 2588 835 2623 VE
935 2592 971 2621 125
998 2584 1245 2633 *ἀγαπὴσιασ
1271 2585 1298 2620 Ρ
1390 2582 1460 2621 τὸν
1485 2595 1553 2620 om.
1580 2584 1613 2619 Ε
1705 2581 1917 2619 *ἐπιείκιαν
1941 2582 1970 2617 Ρ

299 2649 363 2683 καὶ
386 2645 588 2683 ἐπιείκειαν
611 2647 689 2681 Zon
770 2645 820 2686 δὲ]
847 2657 886 2681 τε
904 2644 948 2685 V,
973 2654 1041 2678 om.
1063 2642 1094 2677 Ε
1178 2646 1218 2677 15
1244 2639 1420 2688 εὖτυχίασ
1437 2640 1655 2676 PFAMWE
1742 2641 1781 2674 16
1807 2639 1844 2675 δὲ
1869 2638 1901 2674 Ε

299 2702 415 2750 *ἑξησ
439 2704 467 2738 Ρ
549 2703 587 2740 δὲ
612 2703 644 2738 Ε
742 2706 779 2735 Π
806 2698 879 2737 *τὸ
903 2704 1011 2737 θεῖον
1035 2700 1067 2734 V
1160 2698 1234 2745 *τῇ
1259 2709 1326 2733 om.
1346 2698 1376 2732 V
1475 2701 1513 2732 13
1538 2693 1971 2743 1’ὓπομνημονει·ο,ιιε’νης

300 2760 356 2795 ed.
380 2772 434 2805 pr.
547 2763 586 2795 19
613 2757 803 2805 προσέσχε
830 2754 900 2794 τὸν
926 2759 1015 2794 νοῦν
1039 2756 1071 2791 Ε
1181 2758 1222 2789 20
1247 2757 1311 2791 καὶ
1335 2757 1430 2794 (ante
1455 2756 1536 2791 τοῦ)
1561 2764 1628 2788 om.
1656 2753 1688 2787 E
1794 2755 1857 2788 καὶ
1883 2755 1972 2789 διευ·

301 2823 425 2863 τυχεῖν
449 2816 481 2851 Ε
576 2819 613 2851 21
642 2813 834 2861 μανάιμον
856 2814 921 2849 FE
1007 2811 1167 2859 *ἄρχειν
1191 2812 1219 2846 Ρ
1305 2809 1567 2848 *ἐπυνθάνετο
1593 2809 1646 2844 ed.
1671 2819 1725 2853 pr.
1820 2811 1862 2843 22
1890 2810 1972 2846 Ma-

302 2873 444 2919 νάημος
470 2892 512 2897 -
537 2869 641 2909 εἶπεν
667 2883 734 2908 οῐῐι.
754 2872 785 2906 Ε
877 2867 1071 2915 μαιίιίμοσ
1096 2869 1125 2903 F
1219 2864 1277 2909 τὸ]
1303 2869 1365 2904 καὶ
1391 2865 1434 2904 τὺ
1462 2867 1508 2901 W
1601 2863 1852 2902 *σιωπόντοσ
1877 2865 1904 2900 Ρ

303 2931 344 2963 23
370 2925 497 2969 αὐτοῦ]
525 2925 643 2965 αι”τὸσ
669 2929 700 2963 Ε
782 2926 908 2972 μόνοσ
933 2927 964 2961 Ε
1043 2928 1112 2972 τῆσ
1135 2925 1338 2971 βασιλείασ
1363 2923 1493 2959 FLVE
1574 2920 1912 2969 προσεπυνθάνετο
1939 2920 1972 2958 Ε

416 2988 458 3019 24
484 2982 554 3021 τὸν
579 2996 646 3020 om.
665 2985 731 3020 VE
825 2981 1027 3020 *ἐπέθεικε
1054 2983 1081 3017 Ρ
