2107 3377
322 159 408 195 VIII
1053 163 1247 199 Praefatio.

551 275 600 316 In
630 276 819 329 margine
848 289 932 318 non
955 290 1092 331 pauca
1112 277 1298 332 ascripta
1319 282 1426 333 sunt,
1459 292 1568 332 quae
1588 293 1697 323 nune
1719 283 1986 328 enumerabo.

490 342 671 396 primum
703 342 827 384 simul
857 356 952 385 eum
982 343 1127 387 codiee
1158 345 1212 386 ab
1243 344 1335 399 ipso
1367 346 1508 388 scriba
1534 347 1690 402 scripta
1711 352 1808 390 sunt
1836 348 1989 394 litteris
2044 389 2050 394 .

490 408 731 450 maiusculis
762 422 890 464 saepe
928 410 1208 464 abbreuiafis,
1248 412 1444 464 qualibus
1484 414 1645 457 scholia
1682 416 1800 470 pingi
1836 417 1986 471 solent,

488 475 639 518 breues
669 490 804 519 rerum
830 476 990 520 indices
1014 485 1055 520 et
1075 478 1238 521 scholia
1262 480 1484 534 quaedam,
1515 483 1630 524 uelut
1660 483 1716 524 ad
1745 483 1808 525 XI
1837 497 1877 539 p.
1901 486 1938 538 8,
1960 487 1986 526 9

487 541 714 598 καμβύσῃσ
752 541 862 595 μετὰ
900 544 1026 597 κῦρον
1066 543 1275 598 βασιλεύσ
1317 547 1403 587 τῶν
1443 552 1619 601 περσῶν
1659 558 1701 592 et
1739 551 1803 592 XI
1836 565 1877 606 p.
1900 554 1938 606 9,
1961 554 1986 594 6

488 608 698 665 ἐπιστολῆ
733 609 954 664 καμβὺσου
986 611 1105 664 προσ
1134 627 1242 654 ‘zoco
1274 611 1317 654 ἐν
1340 618 1486 665 συρίαι
1512 617 1580 656 καὶ
1606 616 1778 673 (pomini)
1802 633 1986 673 περιτου

487 677 739 731 κωλυθηναι
762 694 836 730 την
859 677 1091 733 οικοδομψ
1113 696 1191 720 του
1224 682 1328 721 ναοΐ
1361 687 1403 722 et
1433 681 1489 724 ad
1508 682 1592 725 XII
1611 697 1651 739 p.
1671 687 1738 739 73,
1761 688 1808 728 18
1841 681 1987 740 ἀγαθ-

485 743 663 797 αρχίδου
703 743 758 787 ad
797 745 880 787 ΧΠ
909 759 949 800 1).
974 748 1045 800 85,
1069 749 1092 787 6
1133 745 1224 798 (ἐπὶ
1258 746 1304 791 δὲ
1335 749 1410 804 τῆς
1450 750 1666 806 τραπέζης
1705 751 1985 809 μαίανδρον);

486 812 726 863 μαίανδρον
757 810 807 853 τὸ
839 811 1012 854 σκολιὸν
1045 828 1155 868 φησι
1194 829 1550 869 κατασκευασμα·
1592 818 1760 874 εἴρηται
1800 820 1854 864 δέ
1892 816 1986 864 ἇπὸ

484 879 568 931 τῆσ
598 880 676 920 wi·
706 878 949 933 μαιάνδρου
981 896 1183 934 ποταμου
1216 881 1521 936 σκολιότῃοσ·
1555 887 1765 929 τοσοῦτον
1795 905 1876 944 γαρ
1907 906 1985 945 την

485 943 668 999 πορείαν
692 962 889 988 πσιιιται
920 946 1111 990 σκολιὰν.
1160 945 1224 990 ιῧσ
1256 948 1300 990 ἐκ
1329 966 1486 992 τουτου
1517 953 1606 994 πᾶν
1637 952 1687 995 τὸ
1719 954 1764 998 ἐν
1791 957 1986 1012 γλυφαῖσ

483 1014 551 1054 καὶ
586 1012 772 1055 λοιιταισ
798 1029 1088 1058 natumst-aco
1111 1015 1299 1068 σκολιὸν,
1329 1019 1570 1073 μαίανδρον
1593 1019 1984 1079 ἐπονομασθῆναι·

483 1079 639 1122 καθώσ
671 1096 779 1134 φησι
816 1078 838 1122 ὁ
869 1082 1068 1136 στράβων
1100 1083 1141 1126 ἔν
1174 1084 1287 1137 loyca
1319 1085 1548 1128 δωδεκάτω
1580 1091 1634 1144 (p.
1660 1092 1778 1141 577J·
1811 1096 1853 1134 et
1883 1092 1986 1136 XIV

480 1162 520 1202 1».
545 1150 639 1202 245,
657 1150 708 1189 22
731 1147 787 1190 ad
808 1146 1040 1192 ἀναπιδύει
1058 1151 1138 1194 huc
1159 1151 1363 1195 adnotata
1382 1160 1495 1196 sunt:
1521 1172 1619 1197 αντι
1638 1173 1715 1198 του
1739 1153 1984 1202 ἀναδίδωσι

482 1213 556 1255 τὸν
588 1209 713 1265 ὀπὸν,
746 1215 864 1270 duty
888 1216 1075 1270 ἱὸριῦτοσ
1096 1218 1259 1272 γίνεται
1280 1219 1373 1272 γὰρ,
1409 1220 1452 1262 ἐκ
1472 1237 1550 1263 ‘lov
1573 1223 1672 1265 ἰ’διω
1693 1224 1743 1266 τὸ
1776 1226 1908 1281 ἰ’δριῦ·
1939 1228 1981 1270 οὶ

483 1280 533 1322 δὲ’
564 1279 684 1322 ἕκτοι·
708 1281 798 1323 πίω
817 1298 952 1336 φασιν
976 1283 1102 1326 αὐτὸ·
1126 1286 1252 1328 ἔνθεν
1275 1287 1385 1338 πίαξ
1400 1289 1468 1330 καὶ
1493 1290 1631 1341 nida}
1649 1293 1721 1334 καὶ
1742 1293 1889 1336 πιδύω
1909 1294 1982 1338 καὶ

481 1346 722 1398 &mnndi-w,
756 1350 925 1403 aliaque
947 1352 1070 1395 huius
1099 1353 1265 1406 generis
1296 1354 1430 1408 plura.
1478 1357 1543 1400 his
1574 1360 1707 1402 multa
1727 1360 1815 1403 alia
1833 1361 1985 1406 addita

479 1420 574 1457 sunt
591 1416 644 1458 ab
664 1429 712 1459 eo
732 1426 977 1473 correctore,
997 1432 1122 1473 quem
1140 1435 1309 1463 manum
1326 1424 1506 1477 primam
1524 1428 1649 1477 (man.
1668 1430 1704 1479 1)
1722 1426 1920 1484 diximus,
1935 1436 1985 1474 ut

482 1495 534 1523 cx
559 1483 791 1526 litterarum
813 1486 954 1540 specie
971 1494 1161 1543 apparet.
1202 1489 1238 1532 is
1265 1491 1374 1532 enim
1391 1492 1573 1546 primum
1591 1495 1754 1538 scholia
1770 1496 1982 1550 quaedam

479 1549 589 1601 fecit,
617 1551 733 1593 uelut
756 1552 862 1595 XIX
878 1568 918 1609 p.
938 1557 1032 1609 2422,
1061 1558 1114 1597 20·
1142 1556 1213 1599 ubi
1238 1557 1282 1601 in
1306 1565 1424 1602 textu
1452 1565 1542 1603 erat
1565 1562 1839 1618 καταφωνὴν,
1867 1565 1984 1619 quod

479 1617 667 1662 radendo
690 1626 895 1664 mutatum
918 1628 981 1665 est
1010 1623 1052 1666 in
1078 1624 1339 1681 καταφονῂν,
1373 1628 1602 1682 ascriptum
1624 1635 1688 1673 est
1718 1630 1858 1686 φονήν
1882 1627 1980 1675 εἷπε

477 1683 551 1725 τὸν
576 1684 710 1739 ([όνον
735 1694 1001 1743 ποιι,τικιῦσ;
1032 1690 1146 1734 idem
1177 1691 1316 1747 igitur,
1349 1694 1421 1747 qui
1453 1694 1593 1749 φονιξν
1624 1698 1827 1752 reposuit,
1860 1699 1980 1744 dedit

477 1752 876 1808 interpretationem.
951 1758 1143 1801 similiter
1174 1760 1258 1801 XX
1286 1775 1325 1815 p.
1350 1764 1443 1815 304,
1468 1766 1491 1803 4
1524 1761 1719 1816 §affaldra
1756 1766 1817 1809 ita
1847 1773 1978 1823 extat,

477 1827 521 1861 ut
561 1836 597 1861 ει
638 1821 679 1863 in
718 1835 863 1866 rasura
902 1838 928 1867 a
967 1831 1200 1870 correctore
1239 1828 1422 1882 positum
1463 1830 1535 1885 sit;
1585 1831 1710 1875 simul
1747 1834 1978 1890 ascriptum

477 1893 539 1929 est
579 1888 815 1942 ξιφείδιον,
858 1886 947 1933 ἀπο
979 1897 1054 1933 τοῦ
1088 1894 1270 1948 ξιφυυσ·
1310 1894 1504 1950 ξιφίδιον
1537 1894 1627 1940 dno
1659 1904 1743 1954 τῇσ
1773 1901 1978 1957 ξιφίδυσε

474 1953 550 1995 sed
582 1955 687 1998 haee
725 1971 862 2012 pauca
900 1965 1007 2002 sunt.
1078 1962 1282 2015 plurimas
1322 1977 1423 2007 uero
1465 1965 1570 2008 haec
1610 1980 1761 2011 manus
1796 1971 1977 2027 margini

475 2021 688 2078 inscripsit
720 2026 859 2069 uarias
891 2027 1092 2071 lectiones
1124 2029 1269 2072 addito
1299 2031 1420 2085 siguo
1450 2049 1498 2086 γρ
1532 2039 1605 2076 aut
1637 2051 1686 2088 γρ
1720 2037 1788 2078 καὶ
1821 2044 1896 2082 aut
1924 2056 1975 2093 γρ

475 2087 515 2129 ἔν
541 2088 708 2141 ἅλλοισ,
743 2106 847 2146 quas
879 2107 1024 2137 omnes
1055 2108 1130 2139 suo
1164 2111 1375 2153 quamque
1406 2099 1498 2144 loco
1530 2101 1571 2144 in
1598 2109 1807 2157 apparatu
1829 2106 1975 2152 critico

475 2157 678 2201 dedimus.
741 2159 921 2214 denique
952 2175 977 2203 a
1008 2163 1163 2207 lectore
1195 2166 1336 2219 aliquo
1369 2169 1527 2211 saeculi
1565 2171 1652 2213 fere
1682 2171 1761 2215 XV
1792 2176 1976 2229 margini

472 2227 634 2280 aspersi
656 2233 752 2269 sunt
772 2241 909 2271 rerum
931 2229 1104 2273 indices.
1118 2234 1142 2282 ¹)
1183 2233 1340 2276 contuli
1362 2233 1452 2289 ipse
1473 2236 1702 2280 Mediolani
1723 2241 1843 2283 annis
1866 2245 1972 2285 1873

475 2297 515 2334 ct
543 2296 660 2348 1574,
697 2301 917 2349 praeterea
947 2310 1048 2340 usus
1078 2312 1170 2341 sum
1204 2300 1429 2345 collatione
1462 2304 1516 2345 ab
1548 2304 1848 2363 Herwerdeno²
1881 2309 1971 2354 uiro

473 2359 729 2415 doctissimo,
762 2365 972 2419 confecta3
1005 2365 1186 2420 denique
1217 2369 1371 2412 multos
1402 2370 1518 2414 locos
1550 2371 1701 2417 dubios
1728 2390 1823 2420 mea
1844 2392 1973 2423 causa

473 2426 609 2470 denuo
643 2430 1036 2476 euoluitAemilius
1066 2435 1237 2478 Martini
1269 2436 1609 2482 Mediolanensis.

411 2493 454 2533 M
495 2515 546 2527 ε-
591 2496 723 2539 codex
766 2498 1008 2544 Medieaeus
1056 2502 1339 2548 bibliothecae
1385 2506 1694 2552 Laurentianae
1746 2511 1877 2565 plutei
1918 2517 1969 2556 (59

472 2562 561 2604 cod.
587 2567 630 2603 10
672 2565 919 2610 chartaceus
959 2570 1143 2612 continet
1175 2572 1343 2627 Iosephi
1375 2575 1670 2629 antiquitatum
1703 2578 1970 2625 Iudaicarum

471 2630 598 2672 libros
636 2646 782 2676 onmes
822 2649 914 2677 cum
957 2637 1043 2679 uita
1087 2637 1233 2681 addito
1271 2641 1378 2683 libro
1419 2642 1769 2688 Maccahaeorum
1806 2657 1969 2700 quarto.

470 2696 577 2739 hunc
609 2698 647 2740 iu
681 2703 939 2753 praefatione
972 2706 1055 2747 uol.
1082 2705 1110 2747 1.
1134 2707 1426 2760 p.xx·11dixi
1456 2723 1533 2754 nec
1566 2726 1690 2756 manu
1722 2727 1798 2757 nec
1828 2722 1969 2760 aetate

415 2855 443 2890 i)
470 2853 565 2886 uelut
591 2853 634 2888 ad
654 2855 702 2889 xl
729 2860 764 2890 15
790 2855 835 2904 σή
854 2854 963 2906 σκειῗι,
985 2858 1082 2905 ὁμοί·
1098 2859 1239 2909 χρύσεα
1259 2861 1302 2909 ρ’ς·
1324 2867 1386 2901 καὶ
1406 2861 1573 2914 ἀργύρεα
1602 2866 1639 2916 ,μ’
1658 2864 1756 2916 ὅπερ
1775 2865 1967 2917 ἐδόθησαν

297 2905 348 2948 εἰς
375 2905 442 2942 τὸν
469 2905 561 2944 ναὸν
587 2913 650 2955 τῆς
675 2912 758 2958 ἰλῆῄ
793 2927 895 2960 παρα
923 2920 990 2953 τοῦ
1014 2915 1140 2963 κη’-μοι’.
