2029 3392
783 212 974 247 Praefatio.
1591 211 1705 246 XXIX

44 331 214 385 accidit,
256 335 300 374 ut
340 328 525 371 ciusdem
558 327 723 379 generis
755 326 838 368 alia
871 327 1067 380 placeant
1109 326 1193 368 alia
1233 325 1389 377 minus,
1430 338 1603 377 quorum
1647 332 1708 368 est

44 400 146 443 Xlll
174 403 271 451 154,
314 396 382 449 qui
423 395 539 436 locus
574 394 668 436 ideo
701 407 866 447 quoque
899 393 1186 435 memorabilis
1218 398 1301 445 est,
1334 392 1445 445 quod
1482 393 1511 433 1,
1555 394 1703 447 partim

45 468 221 510 alterum
253 476 385 519 genus
417 462 607 515 sequitur
640 462 789 516 partim
822 461 1014 503 alterum.
1075 461 1150 502 sed
1190 460 1290 502 talia
1331 459 1425 501 aliis
1465 459 1708 502 exuit-anda

45 533 244 587 relinqu0.

687 610 711 661 ξ
743 613 788 650 5;
829 607 881 649 de
907 607 1055 649 AMW.

157 700 343 742 Transeo
375 713 481 742 nunc
513 698 567 741 ad
600 698 767 741 codices
790 698 939 751 AMW,
973 697 1124 750 quibus
1155 697 1330 738 alterurn
1364 709 1495 749 genus
1519 695 1709 750 efficitur,

44 780 148 822 quos
180 766 348 820 quidem
383 766 633 820 quicumque
664 766 809 808 horum
844 765 1045 808 librorum
1078 768 1240 820 partem
1271 764 1457 817 aliquam
1481 767 1710 819 pertracta-

42 834 170 888 uerit,
211 833 336 877 facilc
378 834 595 888 intelleget
633 846 796 876 summo
837 832 946 875 inter
984 846 1030 875 sc
1071 845 1276 876 consensu
1318 844 1411 874 esse
1450 832 1708 886 conspicuos.

41 909 170 957 atque
209 915 376 955 omnes,
419 901 603 944 maxime
643 914 742 944 uero
783 899 1101 953 antiquissimus
1140 913 1282 942 eorum
1315 900 1372 949 A,
1413 912 1461 942 co
1502 912 1708 942 commen-

43 970 208 1024 dantur,
241 969 353 1023 quod
385 968 617 1012 doctiorum
650 967 864 1010 bominum
897 982 1040 1011 curam
1073 967 1235 1022 experti
1268 979 1362 1009 esse
1385 966 1595 1021 uidentur,
1629 980 1710 1020 quo

43 1039 200 1081 tactum
233 1044 308 1091 est,
340 1041 384 1079 ut
416 1041 457 1080 et
487 1037 628 1080 multis
660 1036 837 1089 mcudIs,
872 1036 1021 1088 quibus
1044 1034 1192 1088 reliqui
1215 1034 1376 1088 aspersi
1398 1039 1508 1088 sunt,
1541 1040 1710 1078 careant

42 1111 84 1149 et
114 1119 194 1147 non
227 1119 320 1147 raro
352 1105 592 1159 interpolati
622 1105 717 1147 siut.
769 1103 1011 1158 seponenda
1041 1107 1182 1145 autem
1215 1106 1278 1144 est
1316 1115 1367 1144 ea
1403 1116 1501 1157 pars
1533 1102 1707 1145 Ambro-

42 1173 171 1227 siaui,
213 1187 320 1226 quae
352 1186 432 1215 uno
466 1173 740 1225 quaternione
772 1171 992 1226 deperdito
1024 1184 1149 1213 manu
1186 1170 1343 1212 saeculi
1384 1171 1472 1212 fere
1504 1171 1580 1212 XV
1613 1184 1707 1225 sup-

43 1240 159 1295 pleta
179 1246 254 1294 est,
286 1241 327 1282 in
351 1240 502 1293 quibus
524 1241 664 1282 insunt
689 1240 749 1281 XI
778 1241 849 1281 184
874 1241 928 1293 (p.
949 1243 1014 1293 412),
1033 1242 1073 1286 2)
1099 1241 1279 1290 Περσῶιι
1304 1262 1356 1266 ——
1380 1241 1460 1280 250
1482 1242 1537 1293 (p.
1557 1241 1622 1290 57,
1642 1239 1711 1286 ’22)

44 1304 252 1362 ἀνεσταί,
293 1308 397 1351 haee
428 1308 537 1350 enim
570 1322 621 1349 cx
653 1308 687 1348 L
719 1307 849 1361 petita
881 1318 973 1348 esse
1004 1305 1199 1348 uidentur
1229 1319 1367 1358 neque
1399 1306 1621 1359 quicquam
1654 1304 1709 1346 ad

45 1375 366 1418 Ambrosianum
407 1375 574 1418 faciunt.
636 1379 818 1418 ceterum
859 1374 995 1416 AMW
1026 1373 1080 1416 ab
1112 1373 1219 1415 FLV
1260 1387 1339 1415 non
1379 1387 1532 1427 genere
1571 1373 1707 1415 solum

45 1442 122 1485 sed
154 1444 279 1484 etiam
312 1443 470 1484 ambitu
495 1443 748 1497 discrepant,
782 1455 874 1484 cum
896 1442 957 1484 illi
979 1442 1109 1483 libros
1131 1440 1277 1483 decem
1304 1453 1396 1483 cum
1420 1440 1506 1482 uita
1527 1440 1712 1483 habeant

45 1523 210 1563 unaque
241 1524 334 1553 cum
366 1510 487 1553 tertia
518 1510 643 1553 etiam
678 1515 868 1563 quartam
901 1509 1197 1562 antiquitatum
1220 1508 1405 1562 pentada
1428 1509 1707 1563 complectan-

44 1580 122 1631 tur,
154 1590 235 1630 qua
267 1591 310 1619 re
342 1578 636 1620 adsimilautur
665 1577 872 1619 Palatino.
933 1577 1056 1619 simul
1087 1575 1259 1628 accidit,
1293 1582 1337 1618 ut
1367 1576 1510 1631 paullo
1542 1576 1627 1617 alia
1657 1576 1711 1619 sit

44 1657 186 1686 eorum
217 1646 324 1688 ratio
355 1645 396 1686 in
428 1644 545 1686 libris
567 1645 765 1686 XI—XV
796 1649 922 1698 atquc
952 1645 994 1686 in
1025 1644 1198 1696 reliquis
1230 1648 1271 1686 et
1301 1644 1343 1685 in
1377 1644 1474 1696 uita,
1508 1656 1590 1696 quo
1623 1642 1707 1686 effi-

45 1711 162 1765 citur,
195 1714 239 1754 ut
268 1712 411 1766 paullo
443 1711 692 1766 explicatius
725 1710 777 1754 de
809 1712 869 1754 eis
901 1711 1124 1754 dicendum
1156 1711 1221 1752 sit.

153 1778 216 1820 Ac
245 1779 425 1833 primum
464 1779 562 1821 inde
601 1793 626 1821 a
655 1779 737 1821 XII
763 1780 840 1820 199
883 1781 937 1833 (p.
960 1781 1051 1833 106,
1072 1781 1132 1832 7),
1174 1778 1284 1820 unde
1322 1777 1469 1832 incipit
1501 1778 1708 1821 Medicaei

41 1858 139 1900 pars
173 1847 402 1900 antiquior,
443 1859 576 1901 usque
615 1847 670 1888 ad
708 1845 832 1889 finem
865 1847 961 1888 libri
992 1846 1070 1888 XV
1101 1845 1357 1898 singularem
1390 1845 1583 1889 uidemus
1615 1860 1708 1889 esse

41 1913 357 1957 similitudinem
389 1914 580 1958 codicum
611 1915 646 1956 A
680 1918 720 1956 et
752 1915 792 1956 M
825 1914 1043 1967 eiusmodi,
1080 1919 1124 1956 ut
1155 1915 1242 1956 fere
1272 1926 1439 1968 semper
1470 1914 1709 1969 conspirent

41 1994 121 2024 nec
151 1981 389 2037 discrepent
419 1982 497 2025 nisi
529 1996 623 2025 raro
656 1987 697 2024 et
727 1982 767 2024 in
799 1982 924 2024 rebus
954 1981 1196 2024 leuioribus.
1243 1986 1284 2024 et
1315 1995 1407 2024 cum
1428 1982 1486 2035 A,
1518 1982 1562 2023 id
1595 1983 1708 2035 quod

42 2061 168 2104 supra
200 2049 289 2092 dixi
326 2052 382 2106 (p.
403 2050 516 2104 VII),
559 2049 761 2105 plurimas
792 2050 948 2092 habeat
987 2053 1245 2092 correcturas
1277 2050 1362 2091 alia
1401 2063 1527 2092 manu
1567 2062 1709 2106 super-

42 2116 222 2171 additaS,
261 2118 349 2160 fere
380 2130 547 2172 semper
578 2130 671 2159 cum
703 2121 888 2160 correcto
920 2118 956 2160 A
988 2117 1195 2160 consentit
1224 2117 1266 2159 M
1287 2120 1309 2166 ¹)
1340 2122 1466 2172 atque
1498 2117 1606 2161 adeo
1639 2133 1708 2162 no-

42 2188 175 2227 tarum
207 2198 374 2239 quoque
404 2185 712 2239 marginalium,
745 2185 916 2238 quaein
937 2185 973 2226 A
1004 2185 1199 2239 ascripsit
1229 2190 1449 2238 corrector,
1480 2187 1635 2229 multas
1665 2187 1706 2228 in

41 2252 229 2307 margine
261 2253 434 2296 exhibet
473 2266 556 2295 una
596 2266 687 2296 cum
729 2256 847 2295 textu
885 2266 1011 2295 manu
1043 2253 1179 2307 prima
1212 2257 1421 2295 exaratas.
1483 2266 1612 2306 quare
1642 2254 1707 2296 his

0 2342 1 2354 κ
41 2319 159 2363 libris
189 2321 308 2363 lectis
339 2321 602 2363 Medicaeum
634 2335 687 2364 ex
719 2319 998 2363 Ambrosiano
1031 2320 1282 2375 descriptum
1315 2334 1407 2364 esse
1440 2321 1594 2365 dixerit
1631 2323 1706 2364 ali-

43 2387 147 2440 quis.
197 2388 273 2431 sed
304 2386 427 2431 aliter
457 2401 523 2431 res
554 2401 599 2431 se
630 2388 761 2431 habet
790 2389 832 2430 in
861 2388 978 2430 libris
999 2388 1242 2430 XVI—XX
1274 2402 1366 2431 cum
1388 2389 1496 2444 uita;
1528 2403 1626 2432 nam
1646 2391 1707 2433 ibi

41 2454 83 2496 M
113 2455 168 2498 ab
198 2455 235 2497 A
265 2469 347 2499 non
378 2469 471 2499 raro
502 2456 605 2498 satis
642 2456 768 2508 longe
807 2455 986 2509 recedit,
1028 2457 1144 2498 uelut
1184 2456 1306 2498 XVII
1332 2459 1406 2498 195
1447 2459 1501 2511 (p.
1529 2461 1614 2512 105,
1637 2460 1706 2510 23)

42 2521 196 2565 omittit
226 2523 272 2563 αἳ
302 2529 344 2566 et
375 2523 566 2578 ἔμελλον,
605 2528 647 2567 et
676 2523 753 2565 XV
759 2523 919 2564 III'194
955 2527 1010 2577 (p.
1037 2525 1214 2577 175,16)
1244 2530 1356 2566 recte
1386 2524 1540 2567 absunt
1569 2526 1706 2566 ταῦτα

45 2587 192 2639 εἰπών,
216 2584 328 2631 ἀλλὰ
350 2589 399 2643 δὴ
423 2585 658 2645 ἠμείψατο,
683 2604 791 2645 quae
812 2595 957 2632 extant
976 2591 1018 2632 in
1035 2591 1084 2633 A.
1128 2591 1280 2635 deinde
1302 2592 1388 2634 uita
1410 2594 1462 2632 22
1486 2597 1540 2648 (p.
1557 2595 1651 2648 325,
1668 2597 1706 2644 5)

45 2667 152 2710 quae
180 2658 349 2713 supplet
377 2659 411 2700 P
441 2658 496 2700 ab
528 2659 563 2699 A
595 2660 736 2701 omnia
774 2659 949 2712 absunt,
989 2658 1063 2701 sed
1102 2665 1264 2713 partem
1294 2660 1481 2702 seruauit
1512 2661 1705 2714 quamuis

45 2725 277 2768 mutilatam
300 2726 355 2780 M,
385 2731 427 2769 et
458 2728 538 2769 330
560 2729 614 2781 (p.
634 2729 728 2780 375,
745 2728 785 2777 8)
816 2726 948 2768 uerba
970 2724 1039 2766 καὶ
1061 2731 1154 2774 τοῖς
1182 2725 1258 2767 σὺν
1282 2722 1398 2782 αὐτῷ
1419 2728 1462 2770 in
1483 2727 1524 2769 M
1547 2733 1705 2783 extant,

46 2791 101 2834 ab
120 2793 158 2835 A
177 2793 341 2848 absunt,
373 2797 415 2836 et
445 2795 525 2835 398
549 2795 604 2849 (p.
624 2796 718 2848 385,
736 2796 777 2844 2)
808 2794 932 2835 Κανᾶ
961 2793 1003 2836 in
1025 2794 1067 2836 M
1089 2793 1278 2848 traditur,
1312 2793 1564 2838 Σελεύκειαν
1586 2796 1629 2839 in
1653 2799 1702 2851 A,

47 2862 90 2900 et
109 2862 188 2901 412
219 2863 271 2915 (p.
289 2863 382 2914 386,
401 2863 468 2911 29)
505 2863 716 2914 Ταριχέας
745 2861 788 2903 in
809 2862 850 2903 M
881 2862 1004 2912 ταρὶς
1033 2861 1077 2902 in
1098 2863 1148 2903 A.
1195 2862 1360 2906 accedit
1382 2864 1493 2916 quod
1515 2878 1598 2907 non
1619 2864 1703 2907 iam

160 2972 190 3013 1)
211 2981 358 3015 perraro
384 2972 486 3007 aliter
510 2972 652 3015 accidit,
675 2972 775 3007 uelut
798 2972 865 3006 XII
892 2974 955 3006 397
980 2975 1027 3016 (p.
1047 2975 1120 3014 141,
1139 2975 1202 3015 16).
