<?xml version="1.0" encoding="UTF-8"?>
<!DOCTYPE html PUBLIC "-//W3C//DTD XHTML 1.0 Transitional//EN"
    "http://www.w3.org/TR/xhtml1/DTD/xhtml1-transitional.dtd">
<html xmlns="http://www.w3.org/1999/xhtml" xml:lang="en" lang="en">
 <head>
  <title>
</title>
<meta http-equiv="Content-Type" content="text/html;charset=utf-8" />
  <meta name='ocr-system' content='tesseract 3.04.00' />
  <meta name='ocr-capabilities' content='ocr_page ocr_carea ocr_par ocr_line ocrx_word'/>
</head>
<body>
  <div class='ocr_page' id='page_1' title='image "./operajosephus03joseuoft_0362.png"; bbox 0 0 2107 3377; ppageno 0'>
   <div class='ocr_carea' id='block_1_1' title="bbox 284 172 1506 218">
    <p class='ocr_par' dir='ltr' id='par_1_1' title="bbox 284 172 1506 218">
     <span class='ocr_line' id='line_1_1' title="bbox 284 172 1506 218; baseline -0.002 -5"><span class='ocrx_word' id='word_1_1' title='bbox 284 175 366 213; x_wconf 81' lang='lat'><strong><em>290</em></strong></span> <span class='ocrx_word' id='word_1_2' title='bbox 731 172 893 218; x_wconf 82' lang='lat' dir='ltr'><strong>ANTIQ.</strong></span> <span class='ocrx_word' id='word_1_3' title='bbox 919 172 1018 209; x_wconf 85' lang='lat' dir='ltr'><strong><em>IUD.</em></strong></span> <span class='ocrx_word' id='word_1_4' title='bbox 1042 173 1129 210; x_wconf 82' lang='lat' dir='ltr'><strong><em>XIV</em></strong></span> <span class='ocrx_word' id='word_1_5' title='bbox 1154 176 1333 209; x_wconf 74' lang='lat'>270-276</span> <span class='ocrx_word' id='word_1_6' title='bbox 1356 177 1506 218; x_wconf 79' lang='lat' dir='ltr'>(x1.1.2)</span> 
     </span>
    </p>
   </div>
   <div class='ocr_carea' id='block_1_2' title="bbox 167 277 2021 1766">
    <p class='ocr_par' dir='ltr' id='par_1_2' title="bbox 280 277 1953 542">
     <span class='ocr_line' id='line_1_2' title="bbox 280 277 1948 345; baseline 0 -13"><span class='ocrx_word' id='word_1_7' title='bbox 280 304 355 339; x_wconf 86' lang='grc' dir='ltr'><strong><em>κος</em></strong></span> <span class='ocrx_word' id='word_1_8' title='bbox 385 287 465 342; x_wconf 83' lang='grc' dir='ltr'><strong><em>μὲν</em></strong></span> <span class='ocrx_word' id='word_1_9' title='bbox 496 277 635 343; x_wconf 70' lang='grc' dir='ltr'><strong><em>ἦλθεν</em></strong></span> <span class='ocrx_word' id='word_1_10' title='bbox 673 286 719 329; x_wconf 80' lang='grc' dir='ltr'><strong><em>ἐκ</em></strong></span> <span class='ocrx_word' id='word_1_11' title='bbox 744 283 907 344; x_wconf 84' lang='grc' dir='ltr'><strong><em>Ῥώμης</em></strong></span> <span class='ocrx_word' id='word_1_12' title='bbox 938 286 1001 337; x_wconf 81' lang='grc' dir='ltr'><strong><em>εἷς</em></strong></span> <span class='ocrx_word' id='word_1_13' title='bbox 1041 285 1119 344; x_wconf 87' lang='grc' dir='ltr'><strong><em>τὴν</em></strong></span> <span class='ocrx_word' id='word_1_14' title='bbox 1159 282 1292 344; x_wconf 75' lang='grc' dir='ltr'><strong><em>ἀρχὴν</em></strong></span> <span class='ocrx_word' id='word_1_15' title='bbox 1329 285 1408 345; x_wconf 87' lang='grc' dir='ltr'><strong><em>τὴν</em></strong></span> <span class='ocrx_word' id='word_1_16' title='bbox 1438 286 1648 340; x_wconf 82' lang='grc' dir='ltr'><strong><em>Σέξστου,</em></strong></span> <span class='ocrx_word' id='word_1_17' title='bbox 1689 293 1866 344; x_wconf 90' lang='grc' dir='ltr'><strong><em>Καῖσαρ</em></strong></span> <span class='ocrx_word' id='word_1_18' title='bbox 1905 283 1948 331; x_wconf 73' lang='grc' dir='ltr'><strong><em>δ’</em></strong></span> 
     </span>
     <span class='ocr_line' id='line_1_3' title="bbox 280 353 1953 413; baseline 0 -13"><span class='ocrx_word' id='word_1_19' title='bbox 280 353 369 400; x_wconf 65' lang='grc' dir='ltr'><strong><em>ὑπὸ</em></strong></span> <span class='ocrx_word' id='word_1_20' title='bbox 402 358 488 399; x_wconf 83' lang='grc' dir='ltr'><strong><em>τῶν</em></strong></span> <span class='ocrx_word' id='word_1_21' title='bbox 529 355 634 411; x_wconf 85' lang='grc' dir='ltr'><strong><em>περὶ</em></strong></span> <span class='ocrx_word' id='word_1_22' title='bbox 665 353 867 397; x_wconf 89' lang='grc' dir='ltr'><strong><em>Κάσσιον</em></strong></span> <span class='ocrx_word' id='word_1_23' title='bbox 904 355 978 396; x_wconf 85' lang='grc' dir='ltr'><strong><em>καὶ</em></strong></span> <span class='ocrx_word' id='word_1_24' title='bbox 1007 356 1205 410; x_wconf 82' lang='grc' dir='ltr'><strong><em>Βροῦτον</em></strong></span> <span class='ocrx_word' id='word_1_25' title='bbox 1235 353 1280 397; x_wconf 74' lang='grc' dir='ltr'><strong><em>ἐν</em></strong></span> <span class='ocrx_word' id='word_1_26' title='bbox 1308 356 1373 410; x_wconf 74' lang='grc' dir='ltr'><strong><em>τῷ</em></strong></span> <span class='ocrx_word' id='word_1_27' title='bbox 1401 355 1699 413; x_wconf 80' lang='grc' dir='ltr'><em>βουλευτηρίῳ</em></span> <span class='ocrx_word' id='word_1_28' title='bbox 1736 359 1953 400; x_wconf 75' lang='grc' dir='ltr'><strong><em>κτείνεται</em></strong></span> 
     </span>
     <span class='ocr_line' id='line_1_4' title="bbox 280 415 1952 479; baseline 0.001 -13.001"><span class='ocrx_word' id='word_1_29' title='bbox 280 422 509 478; x_wconf 75' lang='grc' dir='ltr'><strong><em>κατασχών</em></strong></span> <span class='ocrx_word' id='word_1_30' title='bbox 539 421 618 478; x_wconf 68' lang='grc' dir='ltr'><strong><em>τὴν</em></strong></span> <span class='ocrx_word' id='word_1_31' title='bbox 650 416 782 479; x_wconf 74' lang='grc' dir='ltr'><strong><em>ἀρχὴν</em></strong></span> <span class='ocrx_word' id='word_1_32' title='bbox 815 421 886 478; x_wconf 71' lang='grc' dir='ltr'><strong><em>ἔτη</em></strong></span> <span class='ocrx_word' id='word_1_33' title='bbox 918 424 1020 478; x_wconf 91' lang='grc' dir='ltr'><strong><em>τρία</em></strong></span> <span class='ocrx_word' id='word_1_34' title='bbox 1049 424 1123 465; x_wconf 87' lang='grc' dir='ltr'><strong><em>καὶ</em></strong></span> <span class='ocrx_word' id='word_1_35' title='bbox 1153 424 1294 477; x_wconf 81' lang='grc' dir='ltr'><strong><em>μῆνας</em></strong></span> <span class='ocrx_word' id='word_1_36' title='bbox 1325 421 1383 472; x_wconf 73' lang='grc' dir='ltr'><strong><em>ἕξ.</em></strong></span> <span class='ocrx_word' id='word_1_37' title='bbox 1443 425 1574 466; x_wconf 85' lang='grc' dir='ltr'><strong><em>τοῦτο</em></strong></span> <span class='ocrx_word' id='word_1_38' title='bbox 1595 423 1674 477; x_wconf 80' lang='grc' dir='ltr'><strong><em>μὲν</em></strong></span> <span class='ocrx_word' id='word_1_39' title='bbox 1697 415 1772 467; x_wconf 71' lang='grc' dir='ltr'><strong><em>οὖν</em></strong></span> <span class='ocrx_word' id='word_1_40' title='bbox 1801 425 1875 467; x_wconf 87' lang='grc' dir='ltr'><strong><em>καὶ</em></strong></span> <span class='ocrx_word' id='word_1_41' title='bbox 1906 422 1952 467; x_wconf 78' lang='grc' dir='ltr'><strong><em>ἓν</em></strong></span> 
     </span>
     <span class='ocr_line' id='line_1_5' title="bbox 285 458 726 548; baseline -0.009 -14"><span class='ocrx_word' id='word_1_42' title='bbox 285 488 436 542; x_wconf 73' lang='grc' dir='ltr'><strong><em>ἄλλοις</em></strong></span> <span class='ocrx_word' id='word_1_43' title='bbox 467 458 726 548; x_wconf 77' lang='grc' dir='ltr'><strong><em>δεδήλωται.</em></strong></span> 
     </span>
    </p>

    <p class='ocr_par' dir='ltr' id='par_1_3' title="bbox 168 552 2001 750">
     <span class='ocr_line' id='line_1_6' title="bbox 168 552 2001 615; baseline -0.002 -12"><span class='ocrx_word' id='word_1_44' title='bbox 168 563 246 603; x_wconf 85' lang='lat'><strong><em>271</em></strong></span> <span class='ocrx_word' id='word_1_45' title='bbox 396 562 434 602; x_wconf 85' lang='lat'><strong><em>2.</em></strong></span> <span class='ocrx_word' id='word_1_46' title='bbox 472 560 562 601; x_wconf 85' lang='grc' dir='ltr'><strong><em>Τοῦ</em></strong></span> <span class='ocrx_word' id='word_1_47' title='bbox 594 552 637 598; x_wconf 87' lang='grc' dir='ltr'><strong><em>δ</em></strong></span> <span class='ocrx_word' id='word_1_48' title='bbox 683 555 760 600; x_wconf 73' lang='grc' dir='ltr'><strong><em>ἐπὶ</em></strong></span> <span class='ocrx_word' id='word_1_49' title='bbox 798 573 859 612; x_wconf 87' lang='grc' dir='ltr'><strong><em>τῳ</em></strong></span> <span class='ocrx_word' id='word_1_50' title='bbox 892 558 1123 613; x_wconf 88' lang='grc' dir='ltr'><strong><em>Καίσαρος</em></strong></span> <span class='ocrx_word' id='word_1_51' title='bbox 1162 557 1348 614; x_wconf 89' lang='grc' dir='ltr'><strong><em>θανάτῳ</em></strong></span> <span class='ocrx_word' id='word_1_52' title='bbox 1388 559 1586 612; x_wconf 82' lang='grc' dir='ltr'><strong><em>πολέμου</em></strong></span> <span class='ocrx_word' id='word_1_53' title='bbox 1629 558 1954 615; x_wconf 80' lang='grc' dir='ltr'><strong><em>συνερρωγότος</em></strong></span> <span class='ocrx_word' id='word_1_54' title='bbox 1981 567 2001 600; x_wconf 85' lang='grc'><strong>5</strong></span> 
     </span>
     <span class='ocr_line' id='line_1_7' title="bbox 281 622 1952 683; baseline 0 -14"><span class='ocrx_word' id='word_1_55' title='bbox 281 627 353 670; x_wconf 81' lang='grc' dir='ltr'><strong><em>καὶ</em></strong></span> <span class='ocrx_word' id='word_1_56' title='bbox 375 628 462 668; x_wconf 85' lang='grc' dir='ltr'><strong><em>τιῦν</em></strong></span> <span class='ocrx_word' id='word_1_57' title='bbox 485 624 529 668; x_wconf 81' lang='grc' dir='ltr'><strong><em>ἒν</em></strong></span> <span class='ocrx_word' id='word_1_58' title='bbox 549 625 666 668; x_wconf 82' lang='grc' dir='ltr'><strong><em>τέλει</em></strong></span> <span class='ocrx_word' id='word_1_59' title='bbox 686 623 868 667; x_wconf 89' lang='grc' dir='ltr'><strong><em>πάντων</em></strong></span> <span class='ocrx_word' id='word_1_60' title='bbox 890 622 966 667; x_wconf 75' lang='grc' dir='ltr'><strong><em>ἐπὶ</em></strong></span> <span class='ocrx_word' id='word_1_61' title='bbox 989 627 1201 678; x_wconf 80' lang='grc' dir='ltr'><strong><em>στρατιᾶς</em></strong></span> <span class='ocrx_word' id='word_1_62' title='bbox 1221 624 1434 682; x_wconf 78' lang='grc' dir='ltr'><strong><em>συλλογὴν</em></strong></span> <span class='ocrx_word' id='word_1_63' title='bbox 1456 622 1590 668; x_wconf 73' lang='grc' dir='ltr'><strong><em>ἄλλου</em></strong></span> <span class='ocrx_word' id='word_1_64' title='bbox 1608 623 1717 683; x_wconf 84' lang='grc' dir='ltr'><strong><em>α’λλῃ</em></strong></span> <span class='ocrx_word' id='word_1_65' title='bbox 1737 626 1952 682; x_wconf 89' lang='grc' dir='ltr'><strong><em>διεσπαρ-</em></strong></span> 
     </span>
     <span class='ocr_line' id='line_1_8' title="bbox 280 688 1951 750; baseline 0.001 -14"><span class='ocrx_word' id='word_1_66' title='bbox 280 697 444 748; x_wconf 87' lang='grc' dir='ltr'><strong><em>μένων,</em></strong></span> <span class='ocrx_word' id='word_1_67' title='bbox 486 688 740 749; x_wconf 70' lang='grc' dir='ltr'><strong><em>ἀφικνεῖται</em></strong></span> <span class='ocrx_word' id='word_1_68' title='bbox 776 691 976 743; x_wconf 87' lang='grc' dir='ltr'><strong><em>Κάσσιος</em></strong></span> <span class='ocrx_word' id='word_1_69' title='bbox 1021 692 1085 743; x_wconf 83' lang='grc' dir='ltr'><strong><em>εἰς</em></strong></span> <span class='ocrx_word' id='word_1_70' title='bbox 1125 696 1289 748; x_wconf 81' lang='grc' dir='ltr'><strong><em>Συρίαν</em></strong></span> <span class='ocrx_word' id='word_1_71' title='bbox 1333 693 1715 750; x_wconf 80' lang='grc' dir='ltr'><strong><em>παραληψόμενος</em></strong></span> <span class='ocrx_word' id='word_1_72' title='bbox 1752 693 1808 736; x_wconf 84' lang='grc' dir='ltr'><strong><em>τὰ</em></strong></span> <span class='ocrx_word' id='word_1_73' title='bbox 1847 695 1951 748; x_wconf 84' lang='grc' dir='ltr'><strong><em>περὶ</em></strong></span> 
     </span>
    </p>

    <p class='ocr_par' dir='ltr' id='par_1_4' title="bbox 168 756 2021 1018">
     <span class='ocr_line' id='line_1_9' title="bbox 168 756 1952 819; baseline 0.001 -16"><span class='ocrx_word' id='word_1_74' title='bbox 168 767 250 807; x_wconf 82' lang='lat'><strong><em>272</em></strong></span> <span class='ocrx_word' id='word_1_75' title='bbox 280 760 359 816; x_wconf 84' lang='grc' dir='ltr'><strong><em>τὴν</em></strong></span> <span class='ocrx_word' id='word_1_76' title='bbox 388 756 640 815; x_wconf 77' lang='grc' dir='ltr'><strong><em>Ἀπάμειαν</em></strong></span> <span class='ocrx_word' id='word_1_77' title='bbox 671 759 976 816; x_wconf 90' lang='grc' dir='ltr'><strong><em>στρατόπεδα·</em></strong></span> <span class='ocrx_word' id='word_1_78' title='bbox 1007 761 1080 803; x_wconf 87' lang='grc' dir='ltr'><strong><em>καὶ</em></strong></span> <span class='ocrx_word' id='word_1_79' title='bbox 1113 759 1246 811; x_wconf 77' lang='grc' dir='ltr'><strong><em>λύσας</em></strong></span> <span class='ocrx_word' id='word_1_80' title='bbox 1276 759 1354 816; x_wconf 87' lang='grc' dir='ltr'><strong><em>τὴν</em></strong></span> <span class='ocrx_word' id='word_1_81' title='bbox 1376 762 1639 817; x_wconf 82' lang='grc' dir='ltr'><strong><em>πολιορκίαν</em></strong></span> <span class='ocrx_word' id='word_1_82' title='bbox 1672 757 1952 819; x_wconf 75' lang='grc' dir='ltr'><strong><em>ἀμφοτέρους</em></strong></span> 
     </span>
     <span class='ocr_line' id='line_1_10' title="bbox 280 827 1952 885; baseline 0.001 -14"><span class='ocrx_word' id='word_1_83' title='bbox 280 828 556 885; x_wconf 77' lang='grc' dir='ltr'><strong><em>προσάγεται</em></strong></span> <span class='ocrx_word' id='word_1_84' title='bbox 585 827 663 871; x_wconf 89' lang='grc' dir='ltr'><strong><em>τόν</em></strong></span> <span class='ocrx_word' id='word_1_85' title='bbox 692 844 741 871; x_wconf 92' lang='grc' dir='ltr'><strong><em>τε</em></strong></span> <span class='ocrx_word' id='word_1_86' title='bbox 763 827 942 871; x_wconf 86' lang='grc' dir='ltr'><strong><em>Βάσσον</em></strong></span> <span class='ocrx_word' id='word_1_87' title='bbox 971 829 1045 870; x_wconf 86' lang='grc' dir='ltr'><strong><em>καὶ</em></strong></span> <span class='ocrx_word' id='word_1_88' title='bbox 1074 827 1150 871; x_wconf 86' lang='grc' dir='ltr'><strong><em>τὸν</em></strong></span> <span class='ocrx_word' id='word_1_89' title='bbox 1171 830 1382 882; x_wconf 72' lang='grc' dir='ltr'><strong><em>Μοῦρκον</em></strong></span> <span class='ocrx_word' id='word_1_90' title='bbox 1411 828 1492 880; x_wconf 89' lang='grc' dir='ltr'><strong><em>τάς</em></strong></span> <span class='ocrx_word' id='word_1_91' title='bbox 1521 845 1569 872; x_wconf 92' lang='grc' dir='ltr'><strong><em>τε</em></strong></span> <span class='ocrx_word' id='word_1_92' title='bbox 1590 828 1746 880; x_wconf 86' lang='grc' dir='ltr'><strong><em>πόλεις</em></strong></span> <span class='ocrx_word' id='word_1_93' title='bbox 1768 828 1952 884; x_wconf 77' lang='grc' dir='ltr'><strong><em>ἐπερχό-</em></strong></span> 
     </span>
     <span class='ocr_line' id='line_1_11' title="bbox 279 891 2021 954; baseline -0.001 -15"><span class='ocrx_word' id='word_1_94' title='bbox 279 911 410 951; x_wconf 84' lang='grc' dir='ltr'><strong><em>μενος</em></strong></span> <span class='ocrx_word' id='word_1_95' title='bbox 440 891 561 939; x_wconf 75' lang='grc' dir='ltr'><strong><em>ὅπλα</em></strong></span> <span class='ocrx_word' id='word_1_96' title='bbox 590 912 638 938; x_wconf 90' lang='grc' dir='ltr'><strong><em>τε</em></strong></span> <span class='ocrx_word' id='word_1_97' title='bbox 658 897 731 938; x_wconf 85' lang='grc' dir='ltr'><strong><em>καὶ</em></strong></span> <span class='ocrx_word' id='word_1_98' title='bbox 753 894 1028 951; x_wconf 82' lang='grc' dir='ltr'><strong><em>στρατιώτας</em></strong></span> <span class='ocrx_word' id='word_1_99' title='bbox 1050 894 1336 951; x_wconf 75' lang='grc' dir='ltr'><strong><em>συνήθροιζεν</em></strong></span> <span class='ocrx_word' id='word_1_100' title='bbox 1357 898 1430 940; x_wconf 87' lang='grc' dir='ltr'><strong><em>καὶ</em></strong></span> <span class='ocrx_word' id='word_1_101' title='bbox 1452 896 1620 954; x_wconf 82' lang='grc' dir='ltr'><strong><em>φόρους</em></strong></span> <span class='ocrx_word' id='word_1_102' title='bbox 1640 892 1798 948; x_wconf 70' lang='grc' dir='ltr'><strong><em>αὐταῖς</em></strong></span> <span class='ocrx_word' id='word_1_103' title='bbox 1816 896 1952 953; x_wconf 84' lang='grc' dir='ltr'><strong><em>μεγά-</em></strong></span> <span class='ocrx_word' id='word_1_104' title='bbox 1983 905 2021 938; x_wconf 87' lang='grc'><strong><em>10</em></strong></span> 
     </span>
     <span class='ocr_line' id='line_1_12' title="bbox 281 958 1952 1018; baseline -0.001 -11"><span class='ocrx_word' id='word_1_105' title='bbox 281 965 383 1015; x_wconf 87' lang='grc' dir='ltr'><strong><em>λους</em></strong></span> <span class='ocrx_word' id='word_1_106' title='bbox 404 963 629 1012; x_wconf 74' lang='grc' dir='ltr'><strong><em>ἐπετίθει·</em></strong></span> <span class='ocrx_word' id='word_1_107' title='bbox 651 963 847 1018; x_wconf 90' lang='grc' dir='ltr'><strong><em>μάλιστα</em></strong></span> <span class='ocrx_word' id='word_1_108' title='bbox 865 963 911 1006; x_wconf 81' lang='grc' dir='ltr'><strong><em>δὲ</em></strong></span> <span class='ocrx_word' id='word_1_109' title='bbox 927 962 1006 1018; x_wconf 81' lang='grc' dir='ltr'><strong><em>τὴν</em></strong></span> <span class='ocrx_word' id='word_1_110' title='bbox 1021 958 1238 1006; x_wconf 81' lang='grc' dir='ltr'><strong><em>Ἰουδαίαν</em></strong></span> <span class='ocrx_word' id='word_1_111' title='bbox 1256 963 1472 1007; x_wconf 76' lang='grc' dir='ltr'><strong><em>ἐκάκωσεν</em></strong></span> <span class='ocrx_word' id='word_1_112' title='bbox 1488 963 1737 1008; x_wconf 80' lang='grc' dir='ltr'><strong><em>ἑπτακόσια</em></strong></span> <span class='ocrx_word' id='word_1_113' title='bbox 1756 963 1952 1007; x_wconf 86' lang='grc' dir='ltr'><strong><em>τάλαντα</em></strong></span> 
     </span>
    </p>

    <p class='ocr_par' dir='ltr' id='par_1_5' title="bbox 167 1026 1952 1223">
     <span class='ocr_line' id='line_1_13' title="bbox 167 1026 1952 1089; baseline -0.002 -13"><span class='ocrx_word' id='word_1_114' title='bbox 167 1037 248 1077; x_wconf 77' lang='lat'><strong><em>273</em></strong></span> <span class='ocrx_word' id='word_1_115' title='bbox 281 1027 489 1088; x_wconf 82' lang='grc' dir='ltr'><strong><em>ἆργυρίου</em></strong></span> <span class='ocrx_word' id='word_1_116' title='bbox 519 1031 837 1087; x_wconf 86' lang='grc' dir='ltr'><strong><em>πραττόμενος.</em></strong></span> <span class='ocrx_word' id='word_1_117' title='bbox 896 1026 1190 1085; x_wconf 71' lang='grc' dir='ltr'><strong><em>Ἀντίπατρος</em></strong></span> <span class='ocrx_word' id='word_1_118' title='bbox 1221 1027 1262 1074; x_wconf 75' lang='grc' dir='ltr'><strong><em>δ’</em></strong></span> <span class='ocrx_word' id='word_1_119' title='bbox 1289 1030 1404 1086; x_wconf 79' lang='grc' dir='ltr'><strong><em>ὁρῶν</em></strong></span> <span class='ocrx_word' id='word_1_120' title='bbox 1437 1031 1481 1074; x_wconf 76' lang='grc' dir='ltr'><strong><em>ἐν</em></strong></span> <span class='ocrx_word' id='word_1_121' title='bbox 1511 1031 1687 1088; x_wconf 85' lang='grc' dir='ltr'><strong><em>μεγάλῳ</em></strong></span> <span class='ocrx_word' id='word_1_122' title='bbox 1718 1031 1847 1089; x_wconf 82' lang='grc' dir='ltr'><strong><em>φόβῳ</em></strong></span> <span class='ocrx_word' id='word_1_123' title='bbox 1877 1032 1952 1074; x_wconf 89' lang='grc' dir='ltr'><strong><em>καὶ</em></strong></span> 
     </span>
     <span class='ocr_line' id='line_1_14' title="bbox 281 1097 1949 1157; baseline -0.001 -15"><span class='ocrx_word' id='word_1_124' title='bbox 281 1102 449 1157; x_wconf 71' lang='grc' dir='ltr'><strong><em>ταραχῇ</em></strong></span> <span class='ocrx_word' id='word_1_125' title='bbox 487 1098 542 1142; x_wconf 76' lang='grc' dir='ltr'><strong><em>τὰ</em></strong></span> <span class='ocrx_word' id='word_1_126' title='bbox 581 1098 823 1154; x_wconf 87' lang='grc' dir='ltr'><strong><em>πράγματα</em></strong></span> <span class='ocrx_word' id='word_1_127' title='bbox 861 1097 1028 1153; x_wconf 79' lang='grc' dir='ltr'><strong><em>μερίζει</em></strong></span> <span class='ocrx_word' id='word_1_128' title='bbox 1066 1097 1145 1154; x_wconf 86' lang='grc' dir='ltr'><strong><em>τὴν</em></strong></span> <span class='ocrx_word' id='word_1_129' title='bbox 1185 1101 1274 1141; x_wconf 83' lang='grc' dir='ltr'><strong><em>τιῦν</em></strong></span> <span class='ocrx_word' id='word_1_130' title='bbox 1317 1098 1554 1156; x_wconf 81' lang='grc' dir='ltr'><strong><em>χρημάτων</em></strong></span> <span class='ocrx_word' id='word_1_131' title='bbox 1602 1099 1838 1155; x_wconf 72' lang='grc' dir='ltr'><strong><em>εἴσπραξιν</em></strong></span> <span class='ocrx_word' id='word_1_132' title='bbox 1876 1100 1949 1141; x_wconf 84' lang='grc' dir='ltr'><strong><em>καὶ</em></strong></span> 
     </span>
     <span class='ocr_line' id='line_1_15' title="bbox 283 1163 1952 1223; baseline -0.001 -13"><span class='ocrx_word' id='word_1_133' title='bbox 283 1167 473 1223; x_wconf 76' lang='grc' dir='ltr'><strong><em>ἑκατέρῳ</em></strong></span> <span class='ocrx_word' id='word_1_134' title='bbox 504 1168 591 1210; x_wconf 77' lang='grc' dir='ltr'><strong><em>τῶν</em></strong></span> <span class='ocrx_word' id='word_1_135' title='bbox 622 1167 728 1209; x_wconf 82' lang='grc' dir='ltr'><strong><em>υἶιῦν</em></strong></span> <span class='ocrx_word' id='word_1_136' title='bbox 760 1165 962 1221; x_wconf 85' lang='grc' dir='ltr'><strong><em>συνάγειν</em></strong></span> <span class='ocrx_word' id='word_1_137' title='bbox 984 1165 1167 1209; x_wconf 91' lang='grc' dir='ltr'><strong><em>δίδωσιν</em></strong></span> <span class='ocrx_word' id='word_1_138' title='bbox 1188 1165 1243 1209; x_wconf 76' lang='grc' dir='ltr'><strong><em>τά</em></strong></span> <span class='ocrx_word' id='word_1_139' title='bbox 1266 1166 1345 1219; x_wconf 83' lang='grc' dir='ltr'><strong><em>μὲν</em></strong></span> <span class='ocrx_word' id='word_1_140' title='bbox 1366 1168 1561 1223; x_wconf 80' lang='grc' dir='ltr'><strong><em>Μαλίχῳ</em></strong></span> <span class='ocrx_word' id='word_1_141' title='bbox 1582 1163 1818 1223; x_wconf 75' lang='grc' dir='ltr'><strong><em>κακοήθως</em></strong></span> <span class='ocrx_word' id='word_1_142' title='bbox 1838 1164 1952 1220; x_wconf 84' lang='grc' dir='ltr'><strong><em>πρὸς</em></strong></span> 
     </span>
    </p>

    <p class='ocr_par' dir='ltr' id='par_1_6' title="bbox 168 1229 2021 1497">
     <span class='ocr_line' id='line_1_16' title="bbox 168 1229 2021 1291; baseline -0.001 -14"><span class='ocrx_word' id='word_1_143' title='bbox 168 1238 250 1278; x_wconf 82' lang='grc'><strong><em>274</em></strong></span> <span class='ocrx_word' id='word_1_144' title='bbox 283 1230 415 1278; x_wconf 68' lang='grc' dir='ltr'><strong><em>αὐτὸν</em></strong></span> <span class='ocrx_word' id='word_1_145' title='bbox 448 1234 731 1291; x_wconf 87' lang='grc' dir='ltr'><strong><em>διακειμένῳ,</em></strong></span> <span class='ocrx_word' id='word_1_146' title='bbox 770 1233 826 1277; x_wconf 81' lang='grc' dir='ltr'><strong><em>τὰ</em></strong></span> <span class='ocrx_word' id='word_1_147' title='bbox 867 1233 914 1276; x_wconf 82' lang='grc' dir='ltr'><strong><em>δὲ</em></strong></span> <span class='ocrx_word' id='word_1_148' title='bbox 946 1229 1099 1284; x_wconf 73' lang='grc' dir='ltr'><strong><em>ἄλλοις</em></strong></span> <span class='ocrx_word' id='word_1_149' title='bbox 1137 1233 1410 1289; x_wconf 82' lang='grc' dir='ltr'><strong><em>προσέταξεν</em></strong></span> <span class='ocrx_word' id='word_1_150' title='bbox 1451 1234 1821 1290; x_wconf 80' lang='grc' dir='ltr'><strong><em>εἰσπράττεσθαι.</em></strong></span> <span class='ocrx_word' id='word_1_151' title='bbox 1881 1234 1953 1276; x_wconf 85' lang='grc' dir='ltr'><strong><em>καὶ</em></strong></span> <span class='ocrx_word' id='word_1_152' title='bbox 1984 1242 2021 1276; x_wconf 87' lang='grc'><strong><em>15</em></strong></span> 
     </span>
     <span class='ocr_line' id='line_1_17' title="bbox 281 1296 1951 1360; baseline -0.001 -15"><span class='ocrx_word' id='word_1_153' title='bbox 281 1304 460 1359; x_wconf 82' lang='grc' dir='ltr'><strong><em>πρῶτος</em></strong></span> <span class='ocrx_word' id='word_1_154' title='bbox 486 1299 684 1359; x_wconf 78' lang='grc' dir='ltr'><strong><em>Ἡρώδης</em></strong></span> <span class='ocrx_word' id='word_1_155' title='bbox 725 1297 816 1344; x_wconf 77' lang='grc' dir='ltr'><strong><em>ἀπὸ</em></strong></span> <span class='ocrx_word' id='word_1_156' title='bbox 848 1303 926 1359; x_wconf 80' lang='grc' dir='ltr'><strong><em>τῆς</em></strong></span> <span class='ocrx_word' id='word_1_157' title='bbox 958 1302 1203 1352; x_wconf 91' lang='grc' dir='ltr'><strong><em>Γαλιλαίας</em></strong></span> <span class='ocrx_word' id='word_1_158' title='bbox 1242 1301 1596 1357; x_wconf 80' lang='grc' dir='ltr'><strong><em>εἰσπραξάμενος</em></strong></span> <span class='ocrx_word' id='word_1_159' title='bbox 1633 1297 1718 1345; x_wconf 74' lang='grc' dir='ltr'><strong><em>ὅσα</em></strong></span> <span class='ocrx_word' id='word_1_160' title='bbox 1747 1301 1799 1360; x_wconf 79' lang='grc' dir='ltr'><strong><em>ἦν</em></strong></span> <span class='ocrx_word' id='word_1_161' title='bbox 1831 1296 1951 1357; x_wconf 75' lang='grc' dir='ltr'><strong><em>αὐτῷ</em></strong></span> 
     </span>
     <span class='ocr_line' id='line_1_18' title="bbox 280 1367 1951 1428; baseline -0.002 -13"><span class='ocrx_word' id='word_1_162' title='bbox 280 1373 645 1427; x_wconf 85' lang='grc' dir='ltr'><strong><em>προστεταγμένα</em></strong></span> <span class='ocrx_word' id='word_1_163' title='bbox 684 1371 817 1427; x_wconf 80' lang='grc' dir='ltr'><strong><em>φίλος</em></strong></span> <span class='ocrx_word' id='word_1_164' title='bbox 854 1367 906 1428; x_wconf 81' lang='grc' dir='ltr'><strong><em>ἢν</em></strong></span> <span class='ocrx_word' id='word_1_165' title='bbox 943 1369 1007 1420; x_wconf 85' lang='grc' dir='ltr'><strong><em>εἷς</em></strong></span> <span class='ocrx_word' id='word_1_166' title='bbox 1044 1368 1100 1412; x_wconf 85' lang='grc' dir='ltr'><strong><em>τὰ</em></strong></span> <span class='ocrx_word' id='word_1_167' title='bbox 1147 1370 1344 1424; x_wconf 88' lang='grc' dir='ltr'><strong><em>μάλιστα</em></strong></span> <span class='ocrx_word' id='word_1_168' title='bbox 1382 1374 1591 1426; x_wconf 82' lang='grc' dir='ltr'><strong><em>Κασσίῳ·</em></strong></span> <span class='ocrx_word' id='word_1_169' title='bbox 1642 1372 1823 1427; x_wconf 81' lang='grc' dir='ltr'><strong><em>σῶφρον</em></strong></span> <span class='ocrx_word' id='word_1_170' title='bbox 1868 1367 1951 1425; x_wconf 85' lang='grc' dir='ltr'><strong><em>γὰρ</em></strong></span> 
     </span>
     <span class='ocr_line' id='line_1_19' title="bbox 281 1433 1950 1497; baseline -0.002 -14"><span class='ocrx_word' id='word_1_171' title='bbox 281 1438 428 1490; x_wconf 68' lang='grc' dir='ltr'><strong><em>ἔδοξεν</em></strong></span> <span class='ocrx_word' id='word_1_172' title='bbox 462 1433 581 1494; x_wconf 59' lang='grc' dir='ltr'><strong><em>αἰετῷ</em></strong></span> <span class='ocrx_word' id='word_1_173' title='bbox 607 1435 846 1488; x_wconf 85' lang='grc' dir='ltr'><strong><em>Ῥωμαίους</em></strong></span> <span class='ocrx_word' id='word_1_174' title='bbox 875 1434 956 1496; x_wconf 79' lang='grc' dir='ltr'><strong><em>ἤδη</em></strong></span> <span class='ocrx_word' id='word_1_175' title='bbox 979 1437 1251 1493; x_wconf 75' lang='grc' dir='ltr'><strong><em>θεραπεύειν</em></strong></span> <span class='ocrx_word' id='word_1_176' title='bbox 1280 1439 1355 1481; x_wconf 88' lang='grc' dir='ltr'><strong><em>καὶ</em></strong></span> <span class='ocrx_word' id='word_1_177' title='bbox 1384 1437 1463 1497; x_wconf 84' lang='grc' dir='ltr'><strong><em>τὴν</em></strong></span> <span class='ocrx_word' id='word_1_178' title='bbox 1494 1433 1605 1494; x_wconf 73' lang='grc' dir='ltr'><strong><em>παρ’</em></strong></span> <span class='ocrx_word' id='word_1_179' title='bbox 1642 1433 1785 1481; x_wconf 75' lang='grc' dir='ltr'><strong><em>αὐτῶν</em></strong></span> <span class='ocrx_word' id='word_1_180' title='bbox 1814 1453 1950 1480; x_wconf 89' lang='grc' dir='ltr'><strong><em>κατα-</em></strong></span> 
     </span>
    </p>

    <p class='ocr_par' dir='ltr' id='par_1_7' title="bbox 167 1501 2019 1700">
     <span class='ocr_line' id='line_1_20' title="bbox 167 1501 1950 1562; baseline -0.001 -13"><span class='ocrx_word' id='word_1_181' title='bbox 167 1510 249 1550; x_wconf 81' lang='grc'><strong><em>275</em></strong></span> <span class='ocrx_word' id='word_1_182' title='bbox 282 1505 504 1559; x_wconf 80' lang='grc' dir='ltr'><strong><em>σκευάζειν</em></strong></span> <span class='ocrx_word' id='word_1_183' title='bbox 527 1522 700 1549; x_wconf 90' lang='grc' dir='ltr'><strong><em>ευνοιαν</em></strong></span> <span class='ocrx_word' id='word_1_184' title='bbox 723 1522 767 1548; x_wconf 86' lang='grc' dir='ltr'><strong><em>εκ</em></strong></span> <span class='ocrx_word' id='word_1_185' title='bbox 786 1507 874 1550; x_wconf 83' lang='grc' dir='ltr'><strong><em>τῶν</em></strong></span> <span class='ocrx_word' id='word_1_186' title='bbox 897 1503 1140 1562; x_wconf 75' lang='grc' dir='ltr'><strong><em>ἀλλοτρίων</em></strong></span> <span class='ocrx_word' id='word_1_187' title='bbox 1161 1505 1326 1549; x_wconf 88' lang='grc' dir='ltr'><strong><em>πόνων.</em></strong></span> <span class='ocrx_word' id='word_1_188' title='bbox 1368 1505 1699 1561; x_wconf 78' lang='grc' dir='ltr'><strong><em>ἐπιπράσκοντο</em></strong></span> <span class='ocrx_word' id='word_1_189' title='bbox 1721 1501 1761 1548; x_wconf 74' lang='grc' dir='ltr'><strong><em>δ’</em></strong></span> <span class='ocrx_word' id='word_1_190' title='bbox 1790 1521 1950 1548; x_wconf 88' lang='grc' dir='ltr'><strong><em>αυταν-</em></strong></span> 
     </span>
     <span class='ocr_line' id='line_1_21' title="bbox 281 1571 2019 1631; baseline -0.002 -14"><span class='ocrx_word' id='word_1_191' title='bbox 281 1575 378 1630; x_wconf 90' lang='grc' dir='ltr'><strong><em>δροι</em></strong></span> <span class='ocrx_word' id='word_1_192' title='bbox 409 1574 452 1617; x_wconf 81' lang='grc' dir='ltr'><strong><em>οἱ</em></strong></span> <span class='ocrx_word' id='word_1_193' title='bbox 481 1575 569 1617; x_wconf 85' lang='grc' dir='ltr'><strong><em>τῶν</em></strong></span> <span class='ocrx_word' id='word_1_194' title='bbox 601 1571 746 1616; x_wconf 75' lang='grc' dir='ltr'><strong><em>ἄλλων</em></strong></span> <span class='ocrx_word' id='word_1_195' title='bbox 777 1572 986 1631; x_wconf 88' lang='grc' dir='ltr'><strong><em>[πόλεων]</em></strong></span> <span class='ocrx_word' id='word_1_196' title='bbox 1010 1573 1287 1631; x_wconf 80' lang='grc' dir='ltr'><strong><em>επιμεληταί,</em></strong></span> <span class='ocrx_word' id='word_1_197' title='bbox 1317 1575 1391 1616; x_wconf 91' lang='grc' dir='ltr'><strong><em>καὶ</em></strong></span> <span class='ocrx_word' id='word_1_198' title='bbox 1412 1577 1631 1629; x_wconf 90' lang='grc' dir='ltr'><strong><em>τέσσαρας</em></strong></span> <span class='ocrx_word' id='word_1_199' title='bbox 1651 1573 1808 1624; x_wconf 86' lang='grc' dir='ltr'><strong><em>πόλεις</em></strong></span> <span class='ocrx_word' id='word_1_200' title='bbox 1829 1571 1951 1630; x_wconf 77' lang='grc' dir='ltr'><strong><em>ἓξην-</em></strong></span> <span class='ocrx_word' id='word_1_201' title='bbox 1981 1581 2019 1614; x_wconf 81' lang='lat'><strong><em>20</em></strong></span> 
     </span>
     <span class='ocr_line' id='line_1_22' title="bbox 281 1637 1948 1700; baseline -0.002 -15"><span class='ocrx_word' id='word_1_202' title='bbox 281 1642 527 1698; x_wconf 88' lang='grc' dir='ltr'><strong><em>δραπόδισε</em></strong></span> <span class='ocrx_word' id='word_1_203' title='bbox 556 1641 659 1684; x_wconf 89' lang='grc' dir='ltr'><strong><em>τότε</em></strong></span> <span class='ocrx_word' id='word_1_204' title='bbox 688 1637 902 1695; x_wconf 85' lang='grc' dir='ltr'><strong><em>Κάσσιος,</em></strong></span> <span class='ocrx_word' id='word_1_205' title='bbox 935 1645 996 1684; x_wconf 81' lang='grc' dir='ltr'><strong><em>ών</em></strong></span> <span class='ocrx_word' id='word_1_206' title='bbox 1035 1640 1146 1700; x_wconf 79' lang='grc' dir='ltr'><strong><em>ἦσαν</em></strong></span> <span class='ocrx_word' id='word_1_207' title='bbox 1186 1642 1233 1685; x_wconf 84' lang='grc' dir='ltr'><strong><em>αἱ</em></strong></span> <span class='ocrx_word' id='word_1_208' title='bbox 1271 1641 1574 1685; x_wconf 85' lang='grc' dir='ltr'><strong><em>δυνατώταται</em></strong></span> <span class='ocrx_word' id='word_1_209' title='bbox 1605 1641 1761 1698; x_wconf 85' lang='grc' dir='ltr'><strong><em>Γόφνα</em></strong></span> <span class='ocrx_word' id='word_1_210' title='bbox 1797 1656 1846 1683; x_wconf 90' lang='grc' dir='ltr'><strong><em>τε</em></strong></span> <span class='ocrx_word' id='word_1_211' title='bbox 1874 1641 1948 1683; x_wconf 86' lang='grc' dir='ltr'><strong><em>καὶ</em></strong></span> 
     </span>
    </p>

    <p class='ocr_par' dir='ltr' id='par_1_8' title="bbox 168 1700 1948 1766">
     <span class='ocr_line' id='line_1_23' title="bbox 168 1700 1948 1766; baseline -0.002 -12"><span class='ocrx_word' id='word_1_212' title='bbox 168 1714 250 1755; x_wconf 83' lang='grc'><strong><em>276</em></strong></span> <span class='ocrx_word' id='word_1_213' title='bbox 280 1706 526 1765; x_wconf 69' lang='grc' dir='ltr'><strong><em>Ἀμμαοῦς,</em></strong></span> <span class='ocrx_word' id='word_1_214' title='bbox 568 1709 683 1766; x_wconf 83' lang='grc' dir='ltr'><strong><em>πρὸς</em></strong></span> <span class='ocrx_word' id='word_1_215' title='bbox 719 1709 903 1761; x_wconf 76' lang='grc' dir='ltr'><strong><em>ταύταις</em></strong></span> <span class='ocrx_word' id='word_1_216' title='bbox 944 1711 991 1754; x_wconf 81' lang='grc' dir='ltr'><strong><em>δὲ</em></strong></span> <span class='ocrx_word' id='word_1_217' title='bbox 1021 1707 1185 1754; x_wconf 84' lang='grc' dir='ltr'><strong><em>Λι’δδα</em></strong></span> <span class='ocrx_word' id='word_1_218' title='bbox 1224 1711 1297 1752; x_wconf 84' lang='grc' dir='ltr'><strong><em>καὶ</em></strong></span> <span class='ocrx_word' id='word_1_219' title='bbox 1332 1709 1502 1763; x_wconf 87' lang='grc' dir='ltr'><strong><em>Θάμνα</em></strong></span> <span class='ocrx_word' id='word_1_220' title='bbox 1564 1708 1785 1765; x_wconf 81' lang='grc' dir='ltr'><strong><em>επεξῆλθε</em></strong></span> <span class='ocrx_word' id='word_1_221' title='bbox 1816 1703 1858 1750; x_wconf 74' lang='grc' dir='ltr'><strong><em>δ’</em></strong></span> <span class='ocrx_word' id='word_1_222' title='bbox 1895 1700 1948 1749; x_wconf 76' lang='grc' dir='ltr'><strong><em>ἂν</em></strong></span> 
     </span>
    </p>
   </div>
   <div class='ocr_carea' id='block_1_3' title="bbox 391 1856 927 1902">
    <p class='ocr_par' dir='ltr' id='par_1_9' title="bbox 391 1856 927 1902">
     <span class='ocr_line' id='line_1_24' title="bbox 391 1856 927 1902; baseline -0.002 -11"><span class='ocrx_word' id='word_1_223' title='bbox 391 1859 413 1902; x_wconf 62' lang='grc' dir='ltr'><strong>ξ</strong></span> <span class='ocrx_word' id='word_1_224' title='bbox 439 1860 504 1892; x_wconf 74' lang='grc' dir='ltr'><strong><em>2το</em></strong></span> <span class='ocrx_word' id='word_1_225' title='bbox 528 1875 572 1887; x_wconf 90' lang='lat'><strong><em>=</em></strong></span> <span class='ocrx_word' id='word_1_226' title='bbox 597 1857 679 1892; x_wconf 84' lang='lat' dir='ltr'>bell.</span> <span class='ocrx_word' id='word_1_227' title='bbox 706 1857 783 1893; x_wconf 88' lang='lat' dir='ltr'><strong><em>Iud.</em></strong></span> <span class='ocrx_word' id='word_1_228' title='bbox 806 1856 824 1890; x_wconf 91' lang='grc'>1</span> <span class='ocrx_word' id='word_1_229' title='bbox 850 1859 927 1891; x_wconf 79' lang='lat'>217.</span> 
     </span>
    </p>
   </div>
   <div class='ocr_carea' id='block_1_4' title="bbox 394 1992 1949 2095">
    <p class='ocr_par' dir='ltr' id='par_1_10' title="bbox 394 1992 1949 2095">
     <span class='ocr_line' id='line_1_25' title="bbox 394 1992 1089 2037; baseline -0.004 -9"><span class='ocrx_word' id='word_1_230' title='bbox 394 1992 714 2028; x_wconf 83' lang='lat' dir='ltr'><strong>PFLAMVELat</strong></span> <span class='ocrx_word' id='word_1_231' title='bbox 725 1992 884 2027; x_wconf 85' lang='lat' dir='ltr'>Zonaras</span> <span class='ocrx_word' id='word_1_232' title='bbox 909 1992 926 2026; x_wconf 94' lang='lat' dir='ltr'><em>I</em></span> <span class='ocrx_word' id='word_1_233' title='bbox 950 2003 985 2037; x_wconf 90' lang='lat' dir='ltr'><strong><em>p.</em></strong></span> <span class='ocrx_word' id='word_1_234' title='bbox 1012 1995 1089 2026; x_wconf 74' lang='lat'>407.</span> 
     </span>
     <span class='ocr_line' id='line_1_26' title="bbox 396 2043 1949 2095; baseline -0.003 -9"><span class='ocrx_word' id='word_1_235' title='bbox 396 2053 412 2085; x_wconf 91' lang='lat'>1</span> <span class='ocrx_word' id='word_1_236' title='bbox 438 2049 503 2086; x_wconf 79' lang='grc' dir='ltr'><strong><em>*ἐκ</em></strong></span> <span class='ocrx_word' id='word_1_237' title='bbox 521 2043 673 2094; x_wconf 79' lang='grc' dir='ltr'><strong><em>Ῥώμης]</em></strong></span> <span class='ocrx_word' id='word_1_238' title='bbox 699 2048 756 2085; x_wconf 87' lang='grc' dir='ltr'><strong><em>εἰσ</em></strong></span> <span class='ocrx_word' id='word_1_239' title='bbox 781 2045 910 2095; x_wconf 86' lang='grc' dir='ltr'><strong><em>ρώμην</em></strong></span> <span class='ocrx_word' id='word_1_240' title='bbox 933 2048 961 2083; x_wconf 90' lang='grc' dir='ltr'>Ρ</span> <span class='ocrx_word' id='word_1_241' title='bbox 1032 2044 1099 2093; x_wconf 78' lang='grc' dir='ltr'><strong><em>τὴν</em></strong></span> <span class='ocrx_word' id='word_1_242' title='bbox 1117 2047 1296 2090; x_wconf 80' lang='grc' dir='ltr'><strong><em>Σέξστου]</em></strong></span> <span class='ocrx_word' id='word_1_243' title='bbox 1321 2043 1389 2093; x_wconf 78' lang='grc' dir='ltr'><strong><em>τὴν</em></strong></span> <span class='ocrx_word' id='word_1_244' title='bbox 1406 2046 1567 2083; x_wconf 78' lang='grc' dir='ltr'><strong><em>σέκστου</em></strong></span> <span class='ocrx_word' id='word_1_245' title='bbox 1582 2045 1680 2080; x_wconf 81' lang='lat' dir='ltr'><strong><em>FLA</em></strong></span> <span class='ocrx_word' id='word_1_246' title='bbox 1697 2048 1767 2082; x_wconf 79' lang='grc' dir='ltr'><strong><em>τοῦ</em></strong></span> <span class='ocrx_word' id='word_1_247' title='bbox 1791 2044 1949 2089; x_wconf 82' lang='grc' dir='ltr'><strong><em>σέξστου</em></strong></span> 
     </span>
    </p>
   </div>
   <div class='ocr_carea' id='block_1_5' title="bbox 278 2097 1946 2344">
    <p class='ocr_par' dir='ltr' id='par_1_11' title="bbox 278 2097 1946 2344">
     <span class='ocr_line' id='line_1_27' title="bbox 279 2097 1944 2150; baseline -0.003 -8"><span class='ocrx_word' id='word_1_248' title='bbox 279 2107 319 2142; x_wconf 89' lang='grc' dir='ltr'><strong>Μ</strong></span> <span class='ocrx_word' id='word_1_249' title='bbox 344 2110 411 2144; x_wconf 88' lang='grc' dir='ltr'><strong><em>τοῦ</em></strong></span> <span class='ocrx_word' id='word_1_250' title='bbox 442 2106 574 2150; x_wconf 82' lang='grc' dir='ltr'><strong><em>σέξτου</em></strong></span> <span class='ocrx_word' id='word_1_251' title='bbox 604 2105 671 2140; x_wconf 87' lang='lat' dir='ltr'><strong><em>VE</em></strong></span> <span class='ocrx_word' id='word_1_252' title='bbox 809 2108 828 2140; x_wconf 87' lang='lat'>3</span> <span class='ocrx_word' id='word_1_253' title='bbox 853 2102 930 2148; x_wconf 65' lang='grc' dir='ltr'><strong><em>*ξ’ξ]</em></strong></span> <span class='ocrx_word' id='word_1_254' title='bbox 967 2101 1062 2141; x_wconf 72' lang='grc' dir='ltr'><strong><em>ἑπτά</em></strong></span> <span class='ocrx_word' id='word_1_255' title='bbox 1095 2104 1176 2140; x_wconf 87' lang='lat' dir='ltr'><strong>bell.</strong></span> <span class='ocrx_word' id='word_1_256' title='bbox 1203 2103 1279 2139; x_wconf 91' lang='lat' dir='ltr'><strong><em>Iud.</em></strong></span> <span class='ocrx_word' id='word_1_257' title='bbox 1425 2106 1443 2137; x_wconf 85' lang='lat'>5</span> <span class='ocrx_word' id='word_1_258' title='bbox 1469 2103 1491 2137; x_wconf 94' lang='lat' dir='ltr'><strong><em>i.</em></strong></span> <span class='ocrx_word' id='word_1_259' title='bbox 1517 2112 1626 2147; x_wconf 82' lang='lat' dir='ltr'><strong>marg.</strong></span> <span class='ocrx_word' id='word_1_260' title='bbox 1652 2097 1714 2139; x_wconf 82' lang='grc' dir='ltr'><strong><em>κδ’</em></strong></span> <span class='ocrx_word' id='word_1_261' title='bbox 1737 2101 1800 2137; x_wconf 88' lang='lat' dir='ltr'><strong><em>FL</em></strong></span> <span class='ocrx_word' id='word_1_262' title='bbox 1832 2099 1886 2148; x_wconf 84' lang='grc' dir='ltr'><strong><em>ιη’</em></strong></span> <span class='ocrx_word' id='word_1_263' title='bbox 1910 2102 1944 2137; x_wconf 88' lang='grc' dir='ltr'><strong>Ε</strong></span> 
     </span>
     <span class='ocr_line' id='line_1_28' title="bbox 278 2156 1946 2207; baseline -0.001 -9"><span class='ocrx_word' id='word_1_264' title='bbox 278 2162 401 2199; x_wconf 85' lang='lat' dir='ltr'><em>XXII</em></span> <span class='ocrx_word' id='word_1_265' title='bbox 419 2163 491 2198; x_wconf 82' lang='lat' dir='ltr'><strong><em>Lat</em></strong></span> <span class='ocrx_word' id='word_1_266' title='bbox 599 2160 660 2198; x_wconf 82' lang='grc' dir='ltr'><strong><em>ἐπὶ</em></strong></span> <span class='ocrx_word' id='word_1_267' title='bbox 684 2166 738 2198; x_wconf 72' lang='grc' dir='ltr'><strong><em>τεῦ</em></strong></span> <span class='ocrx_word' id='word_1_268' title='bbox 762 2159 921 2198; x_wconf 78' lang='grc' dir='ltr'><strong><em>θανάτω</em></strong></span> <span class='ocrx_word' id='word_1_269' title='bbox 946 2164 1014 2198; x_wconf 85' lang='grc' dir='ltr'><strong><em>τοῦ</em></strong></span> <span class='ocrx_word' id='word_1_270' title='bbox 1037 2162 1230 2207; x_wconf 83' lang='grc' dir='ltr'><strong><em>καίσαροσ</em></strong></span> <span class='ocrx_word' id='word_1_271' title='bbox 1254 2160 1286 2194; x_wconf 87' lang='grc' dir='ltr'>Ε</span> <span class='ocrx_word' id='word_1_272' title='bbox 1386 2163 1405 2195; x_wconf 87' lang='grc'>6</span> <span class='ocrx_word' id='word_1_273' title='bbox 1432 2161 1639 2206; x_wconf 84' lang='grc' dir='ltr'><strong><em>στρατείασ</em></strong></span> <span class='ocrx_word' id='word_1_274' title='bbox 1664 2159 1696 2194; x_wconf 89' lang='grc' dir='ltr'>Ε</span> <span class='ocrx_word' id='word_1_275' title='bbox 1790 2156 1946 2202; x_wconf 76' lang='grc' dir='ltr'><strong><em>*ἄλλου1</em></strong></span> 
     </span>
     <span class='ocr_line' id='line_1_29' title="bbox 279 2206 1879 2289; baseline -0.004 -9"><span class='ocrx_word' id='word_1_276' title='bbox 279 2241 406 2280; x_wconf 73' lang='grc' dir='ltr'><strong><em>ἄλλων</em></strong></span> <span class='ocrx_word' id='word_1_277' title='bbox 430 2241 602 2277; x_wconf 86' lang='lat' dir='ltr'><strong>FLAMV</strong></span> <span class='ocrx_word' id='word_1_278' title='bbox 695 2245 712 2276; x_wconf 78' lang='lat'>7</span> <span class='ocrx_word' id='word_1_279' title='bbox 739 2237 1111 2289; x_wconf 78' lang='grc' dir='ltr'><strong><em>*παραληψόμενοσ,</em></strong></span> <span class='ocrx_word' id='word_1_280' title='bbox 1136 2255 1157 2286; x_wconf 90' lang='grc' dir='ltr'><em>η</em></span> <span class='ocrx_word' id='word_1_281' title='bbox 1181 2240 1203 2275; x_wconf 86' lang='grc' dir='ltr'><strong><em>ἰ.</em></strong></span> <span class='ocrx_word' id='word_1_282' title='bbox 1230 2249 1300 2274; x_wconf 85' lang='lat' dir='ltr'><strong>ras.</strong></span> <span class='ocrx_word' id='word_1_283' title='bbox 1326 2250 1372 2275; x_wconf 89' lang='lat' dir='ltr'><strong><em>m.</em></strong></span> <span class='ocrx_word' id='word_1_284' title='bbox 1399 2242 1418 2274; x_wconf 84' lang='lat'><strong>2</strong></span> <span class='ocrx_word' id='word_1_285' title='bbox 1443 2239 1473 2274; x_wconf 93' lang='lat' dir='ltr'>L</span> <span class='ocrx_word' id='word_1_286' title='bbox 1581 2242 1599 2274; x_wconf 84' lang='lat' dir='ltr'>S</span> <span class='ocrx_word' id='word_1_287' title='bbox 1625 2206 1830 2287; x_wconf 58' lang='grc' dir='ltr'><strong><em>στρατόπέ</em></strong></span> <span class='ocrx_word' id='word_1_288' title='bbox 1848 2239 1879 2273; x_wconf 91' lang='lat' dir='ltr'><strong>V</strong></span> 
     </span>
     <span class='ocr_line' id='line_1_30' title="bbox 278 2292 1878 2344; baseline -0.003 -9"><span class='ocrx_word' id='word_1_289' title='bbox 278 2302 354 2342; x_wconf 81' lang='grc' dir='ltr'><strong><em>καὶ]</em></strong></span> <span class='ocrx_word' id='word_1_290' title='bbox 382 2295 429 2336; x_wconf 80' lang='grc' dir='ltr'><strong><em>ὃσ</em></strong></span> <span class='ocrx_word' id='word_1_291' title='bbox 453 2301 518 2335; x_wconf 83' lang='grc' dir='ltr'><strong><em>καὶ</em></strong></span> <span class='ocrx_word' id='word_1_292' title='bbox 542 2299 574 2333; x_wconf 90' lang='grc' dir='ltr'>Ε</span> <span class='ocrx_word' id='word_1_293' title='bbox 689 2299 954 2344; x_wconf 72' lang='grc' dir='ltr'><strong><em>*πολιορκίαν,</em></strong></span> <span class='ocrx_word' id='word_1_294' title='bbox 978 2312 990 2333; x_wconf 86' lang='grc' dir='ltr'><strong><em>ι</em></strong></span> <span class='ocrx_word' id='word_1_295' title='bbox 1014 2297 1037 2332; x_wconf 93' lang='lat' dir='ltr'><strong><em>i.</em></strong></span> <span class='ocrx_word' id='word_1_296' title='bbox 1054 2306 1126 2331; x_wconf 80' lang='lat' dir='ltr'>ras.</span> <span class='ocrx_word' id='word_1_297' title='bbox 1152 2306 1196 2330; x_wconf 91' lang='lat' dir='ltr'><strong><em>m.</em></strong></span> <span class='ocrx_word' id='word_1_298' title='bbox 1224 2298 1242 2330; x_wconf 82' lang='lat'><strong>2</strong></span> <span class='ocrx_word' id='word_1_299' title='bbox 1266 2294 1297 2329; x_wconf 90' lang='lat' dir='ltr'>L</span> <span class='ocrx_word' id='word_1_300' title='bbox 1419 2298 1439 2330; x_wconf 87' lang='grc'><strong>9</strong></span> <span class='ocrx_word' id='word_1_301' title='bbox 1464 2292 1650 2337; x_wconf 78' lang='grc' dir='ltr'><strong><em>*Βάσσον1</em></strong></span> <span class='ocrx_word' id='word_1_302' title='bbox 1674 2293 1824 2333; x_wconf 80' lang='grc' dir='ltr'><strong><em>κάσσον</em></strong></span> <span class='ocrx_word' id='word_1_303' title='bbox 1847 2295 1878 2330; x_wconf 94' lang='lat' dir='ltr'>L</span> 
     </span>
    </p>
   </div>
   <div class='ocr_carea' id='block_1_6' title="bbox 282 2347 1948 2403">
    <p class='ocr_par' dir='ltr' id='par_1_12' title="bbox 282 2347 1948 2403">
     <span class='ocr_line' id='line_1_31' title="bbox 282 2347 1948 2403; baseline -0.002 -11"><span class='ocrx_word' id='word_1_304' title='bbox 282 2359 477 2403; x_wconf 82' lang='grc' dir='ltr'><strong><em>Μοῦρκον]</em></strong></span> <span class='ocrx_word' id='word_1_305' title='bbox 501 2353 655 2401; x_wconf 83' lang='grc' dir='ltr'><strong><em>μάρκον</em></strong></span> <span class='ocrx_word' id='word_1_306' title='bbox 680 2355 782 2391; x_wconf 88' lang='lat' dir='ltr'><strong>codd.</strong></span> <span class='ocrx_word' id='word_1_307' title='bbox 808 2355 920 2390; x_wconf 86' lang='lat' dir='ltr'>ELat</span> <span class='ocrx_word' id='word_1_308' title='bbox 1016 2355 1056 2388; x_wconf 82' lang='lat'><strong><em>12</em></strong></span> <span class='ocrx_word' id='word_1_309' title='bbox 1080 2347 1356 2399; x_wconf 82' lang='grc' dir='ltr'><strong><em>πραττόμενος]</em></strong></span> <span class='ocrx_word' id='word_1_310' title='bbox 1382 2351 1715 2398; x_wconf 81' lang='grc' dir='ltr'><strong><em>εἰσπραττόμενοσ</em></strong></span> <span class='ocrx_word' id='word_1_311' title='bbox 1738 2351 1948 2388; x_wconf 84' lang='lat' dir='ltr'><strong>FLAMVE</strong></span> 
     </span>
    </p>
   </div>
   <div class='ocr_carea' id='block_1_7' title="bbox 279 2411 1946 2988">
    <p class='ocr_par' dir='ltr' id='par_1_13' title="bbox 279 2411 1946 2594">
     <span class='ocr_line' id='line_1_32' title="bbox 392 2411 1945 2481; baseline -0.004 -9"><span class='ocrx_word' id='word_1_312' title='bbox 392 2435 430 2473; x_wconf 76' lang='grc' dir='ltr'><strong><em>δὲ</em></strong></span> <span class='ocrx_word' id='word_1_313' title='bbox 454 2435 486 2470; x_wconf 88' lang='grc' dir='ltr'>Ε</span> <span class='ocrx_word' id='word_1_314' title='bbox 580 2433 650 2472; x_wconf 80' lang='grc' dir='ltr'><strong><em>*ἐν</em></strong></span> <span class='ocrx_word' id='word_1_315' title='bbox 674 2445 742 2470; x_wconf 89' lang='lat' dir='ltr'><strong><em>om.</em></strong></span> <span class='ocrx_word' id='word_1_316' title='bbox 761 2434 811 2469; x_wconf 85' lang='lat' dir='ltr'><strong><em>L&#39;</em></strong></span> <span class='ocrx_word' id='word_1_317' title='bbox 888 2436 928 2469; x_wconf 89' lang='lat'><strong><em>13</em></strong></span> <span class='ocrx_word' id='word_1_318' title='bbox 953 2426 1188 2481; x_wconf 64' lang='lat' dir='ltr'><strong><em>*xprma&#39;twa</em></strong></span> <span class='ocrx_word' id='word_1_319' title='bbox 1212 2411 1452 2480; x_wconf 54' lang='grc' dir='ltr'><strong><em>ᾆιῗίίιγμάτων</em></strong></span> <span class='ocrx_word' id='word_1_320' title='bbox 1476 2431 1506 2465; x_wconf 90' lang='lat' dir='ltr'>L</span> <span class='ocrx_word' id='word_1_321' title='bbox 1602 2434 1642 2466; x_wconf 76' lang='lat'><strong><em>14</em></strong></span> <span class='ocrx_word' id='word_1_322' title='bbox 1668 2428 1713 2468; x_wconf 86' lang='grc' dir='ltr'><strong><em>τὰ</em></strong></span> <span class='ocrx_word' id='word_1_323' title='bbox 1739 2431 1810 2476; x_wconf 80' lang='grc' dir='ltr'><strong><em>μὲν</em></strong></span> <span class='ocrx_word' id='word_1_324' title='bbox 1834 2452 1874 2457; x_wconf 88' lang='grc'>-</span> <span class='ocrx_word' id='word_1_325' title='bbox 1906 2435 1945 2467; x_wconf 82' lang='grc'><strong><em>15</em></strong></span> 
     </span>
     <span class='ocr_line' id='line_1_33' title="bbox 279 2484 1946 2540; baseline -0.003 -11"><span class='ocrx_word' id='word_1_326' title='bbox 279 2492 510 2540; x_wconf 80' lang='grc' dir='ltr'><strong><em>διακειμένῳ]</em></strong></span> <span class='ocrx_word' id='word_1_327' title='bbox 535 2491 665 2526; x_wconf 75' lang='lat' dir='ltr'><em>herodi</em></span> <span class='ocrx_word' id='word_1_328' title='bbox 687 2501 779 2537; x_wconf 82' lang='lat' dir='ltr'><em>quas</em></span> <span class='ocrx_word' id='word_1_329' title='bbox 802 2490 994 2535; x_wconf 74' lang='lat' dir='ltr'><em>difficilius</em></span> <span class='ocrx_word' id='word_1_330' title='bbox 1017 2489 1119 2535; x_wconf 72' lang='lat' dir='ltr'><em>exiqi</em></span> <span class='ocrx_word' id='word_1_331' title='bbox 1140 2489 1295 2535; x_wconf 82' lang='lat' dir='ltr'><em>putabat</em></span> <span class='ocrx_word' id='word_1_332' title='bbox 1321 2488 1389 2522; x_wconf 79' lang='lat' dir='ltr'><strong><em>Lat</em></strong></span> <span class='ocrx_word' id='word_1_333' title='bbox 1494 2484 1539 2524; x_wconf 85' lang='grc' dir='ltr'><strong><em>τὰ</em></strong></span> <span class='ocrx_word' id='word_1_334' title='bbox 1565 2487 1634 2532; x_wconf 75' lang='grc' dir='ltr'><strong><em>μὲν</em></strong></span> <span class='ocrx_word' id='word_1_335' title='bbox 1657 2489 1807 2534; x_wconf 82' lang='grc' dir='ltr'><strong><em>μαλίχω</em></strong></span> <span class='ocrx_word' id='word_1_336' title='bbox 1831 2500 1946 2524; x_wconf 80' lang='grc' dir='ltr'><strong><em>κακο-</em></strong></span> 
     </span>
     <span class='ocr_line' id='line_1_34' title="bbox 281 2543 1945 2594; baseline -0.004 -8"><span class='ocrx_word' id='word_1_337' title='bbox 281 2547 390 2594; x_wconf 73' lang='grc' dir='ltr'><strong><em>ἡθωσ</em></strong></span> <span class='ocrx_word' id='word_1_338' title='bbox 413 2549 436 2584; x_wconf 91' lang='lat' dir='ltr'><strong><em>i.</em></strong></span> <span class='ocrx_word' id='word_1_339' title='bbox 454 2559 524 2584; x_wconf 85' lang='lat' dir='ltr'><strong>ras.</strong></span> <span class='ocrx_word' id='word_1_340' title='bbox 543 2548 749 2592; x_wconf 83' lang='lat' dir='ltr'><strong>angustiore</strong></span> <span class='ocrx_word' id='word_1_341' title='bbox 765 2558 811 2582; x_wconf 93' lang='lat' dir='ltr'><strong><em>m.</em></strong></span> <span class='ocrx_word' id='word_1_342' title='bbox 831 2550 850 2582; x_wconf 84' lang='lat'><strong>2</strong></span> <span class='ocrx_word' id='word_1_343' title='bbox 867 2547 901 2582; x_wconf 90' lang='lat' dir='ltr'>A</span> <span class='ocrx_word' id='word_1_344' title='bbox 992 2546 1074 2591; x_wconf 82' lang='grc' dir='ltr'><strong><em>μὲν]</em></strong></span> <span class='ocrx_word' id='word_1_345' title='bbox 1101 2545 1140 2583; x_wconf 82' lang='grc' dir='ltr'><strong><em>δὲ</em></strong></span> <span class='ocrx_word' id='word_1_346' title='bbox 1155 2546 1205 2586; x_wconf 90' lang='lat' dir='ltr'><strong><em>V;</em></strong></span> <span class='ocrx_word' id='word_1_347' title='bbox 1231 2549 1327 2581; x_wconf 87' lang='lat' dir='ltr'>certe</span> <span class='ocrx_word' id='word_1_348' title='bbox 1345 2545 1550 2589; x_wconf 79' lang='lat' dir='ltr'>corruptela</span> <span class='ocrx_word' id='word_1_349' title='bbox 1566 2544 1672 2587; x_wconf 80' lang='lat' dir='ltr'><strong>latet;</strong></span> <span class='ocrx_word' id='word_1_350' title='bbox 1700 2544 1746 2579; x_wconf 88' lang='lat' dir='ltr'><strong><em>cf.</em></strong></span> <span class='ocrx_word' id='word_1_351' title='bbox 1766 2543 1847 2579; x_wconf 85' lang='lat' dir='ltr'><strong>bell.</strong></span> <span class='ocrx_word' id='word_1_352' title='bbox 1866 2543 1945 2580; x_wconf 86' lang='lat' dir='ltr'><strong><em>Iud.</em></strong></span> 
     </span>
    </p>

    <p class='ocr_par' dir='ltr' id='par_1_14' title="bbox 279 2595 1943 2988">
     <span class='ocr_line' id='line_1_35' title="bbox 396 2595 1900 2650; baseline -0.003 -10"><span class='ocrx_word' id='word_1_353' title='bbox 396 2609 436 2640; x_wconf 84' lang='lat'><strong><em>15</em></strong></span> <span class='ocrx_word' id='word_1_354' title='bbox 462 2607 537 2647; x_wconf 80' lang='grc' dir='ltr'><strong><em>καὶ]</em></strong></span> <span class='ocrx_word' id='word_1_355' title='bbox 561 2603 585 2639; x_wconf 91' lang='lat' dir='ltr'><strong><em>i.</em></strong></span> <span class='ocrx_word' id='word_1_356' title='bbox 610 2614 720 2648; x_wconf 86' lang='lat' dir='ltr'>marg.</span> <span class='ocrx_word' id='word_1_357' title='bbox 739 2601 883 2638; x_wconf 85' lang='lat' dir='ltr'><em>XXIII</em></span> <span class='ocrx_word' id='word_1_358' title='bbox 895 2603 966 2638; x_wconf 81' lang='lat' dir='ltr'><strong><em>Lat</em></strong></span> <span class='ocrx_word' id='word_1_359' title='bbox 1059 2605 1100 2637; x_wconf 84' lang='lat'><strong><em>16</em></strong></span> <span class='ocrx_word' id='word_1_360' title='bbox 1125 2595 1455 2650; x_wconf 81' lang='grc' dir='ltr'><strong><em>*εἰσπραξόμενοσ</em></strong></span> <span class='ocrx_word' id='word_1_361' title='bbox 1480 2600 1509 2634; x_wconf 88' lang='lat' dir='ltr'>F</span> <span class='ocrx_word' id='word_1_362' title='bbox 1606 2603 1642 2634; x_wconf 76' lang='grc' dir='ltr'>Π</span> <span class='ocrx_word' id='word_1_363' title='bbox 1671 2599 1734 2642; x_wconf 84' lang='grc' dir='ltr'><strong><em>εἰς]</em></strong></span> <span class='ocrx_word' id='word_1_364' title='bbox 1759 2599 1802 2636; x_wconf 64' lang='lat' dir='ltr'><strong><em>eo</em></strong></span> <span class='ocrx_word' id='word_1_365' title='bbox 1825 2599 1900 2635; x_wconf 82' lang='lat' dir='ltr'><strong><em>ME</em></strong></span> 
     </span>
     <span class='ocr_line' id='line_1_36' title="bbox 283 2656 1899 2724; baseline -0.004 -26"><span class='ocrx_word' id='word_1_366' title='bbox 283 2665 323 2698; x_wconf 84' lang='lat'><strong><em>19</em></strong></span> <span class='ocrx_word' id='word_1_367' title='bbox 349 2659 501 2699; x_wconf 77' lang='grc' dir='ltr'><strong><em>εὔνοιαν</em></strong></span> <span class='ocrx_word' id='word_1_368' title='bbox 517 2659 571 2703; x_wconf 79' lang='grc' dir='ltr'><strong><em>ἐκ,</em></strong></span> <span class='ocrx_word' id='word_1_369' title='bbox 596 2657 636 2696; x_wconf 77' lang='grc' dir='ltr'><strong><em>εὖ</em></strong></span> <span class='ocrx_word' id='word_1_370' title='bbox 653 2665 688 2694; x_wconf 85' lang='lat' dir='ltr'><strong><em>et</em></strong></span> <span class='ocrx_word' id='word_1_371' title='bbox 711 2658 730 2696; x_wconf 83' lang='grc' dir='ltr'>ἐ</span> <span class='ocrx_word' id='word_1_372' title='bbox 755 2669 799 2694; x_wconf 81' lang='lat' dir='ltr'><strong><em>ex</em></strong></span> <span class='ocrx_word' id='word_1_373' title='bbox 823 2670 915 2696; x_wconf 89' lang='lat' dir='ltr'><strong>corr.</strong></span> <span class='ocrx_word' id='word_1_374' title='bbox 943 2659 972 2693; x_wconf 92' lang='lat' dir='ltr'><strong>F</strong></span> <span class='ocrx_word' id='word_1_375' title='bbox 1043 2656 1327 2724; x_wconf 80' lang='grc' dir='ltr'><strong><em>ἐπιπράσκοντο</em></strong></span> <span class='ocrx_word' id='word_1_376' title='bbox 1352 2667 1428 2702; x_wconf 85' lang='lat' dir='ltr'>sqq.</span> <span class='ocrx_word' id='word_1_377' title='bbox 1455 2660 1625 2701; x_wconf 81' lang='lat' dir='ltr'>corrupta</span> <span class='ocrx_word' id='word_1_378' title='bbox 1649 2660 1733 2691; x_wconf 85' lang='lat' dir='ltr'>sunt</span> <span class='ocrx_word' id='word_1_379' title='bbox 1804 2656 1842 2692; x_wconf 80' lang='grc' dir='ltr'><strong><em>δὲ</em></strong></span> <span class='ocrx_word' id='word_1_380' title='bbox 1866 2656 1899 2691; x_wconf 90' lang='grc' dir='ltr'>Ε</span> 
     </span>
     <span class='ocr_line' id='line_1_37' title="bbox 280 2709 1901 2765; baseline -0.006 -10"><span class='ocrx_word' id='word_1_381' title='bbox 280 2717 525 2765; x_wconf 68' lang='grc' dir='ltr'><strong><em>*αι’ἶτανδροι]</em></strong></span> <span class='ocrx_word' id='word_1_382' title='bbox 551 2711 636 2754; x_wconf 78' lang='grc' dir='ltr'><strong><em>αὖτ’</em></strong></span> <span class='ocrx_word' id='word_1_383' title='bbox 663 2712 797 2763; x_wconf 80' lang='grc' dir='ltr'><strong><em>α’νδροῖ</em></strong></span> <span class='ocrx_word' id='word_1_384' title='bbox 820 2716 868 2751; x_wconf 72' lang='lat' dir='ltr'><strong><em>L’</em></strong></span> <span class='ocrx_word' id='word_1_385' title='bbox 981 2718 1023 2751; x_wconf 87' lang='grc'><strong><em>20</em></strong></span> <span class='ocrx_word' id='word_1_386' title='bbox 1051 2715 1098 2758; x_wconf 89' lang='grc' dir='ltr'><strong><em>οι]</em></strong></span> <span class='ocrx_word' id='word_1_387' title='bbox 1125 2709 1211 2752; x_wconf 84' lang='grc' dir='ltr'><strong><em>σ’σοι</em></strong></span> <span class='ocrx_word' id='word_1_388' title='bbox 1237 2713 1440 2749; x_wconf 82' lang='lat' dir='ltr'><strong>FLAMVE</strong></span> <span class='ocrx_word' id='word_1_389' title='bbox 1567 2710 1719 2749; x_wconf 82' lang='grc' dir='ltr'><strong><em>πόλεων</em></strong></span> <span class='ocrx_word' id='word_1_390' title='bbox 1743 2723 1811 2747; x_wconf 87' lang='lat' dir='ltr'><strong><em>om.</em></strong></span> <span class='ocrx_word' id='word_1_391' title='bbox 1838 2711 1901 2747; x_wconf 81' lang='lat' dir='ltr'><strong><em>PE</em></strong></span> 
     </span>
     <span class='ocr_line' id='line_1_38' title="bbox 280 2766 1944 2820; baseline -0.004 -9"><span class='ocrx_word' id='word_1_392' title='bbox 280 2775 468 2820; x_wconf 79' lang='grc' dir='ltr'><strong><em>τέτταρασ</em></strong></span> <span class='ocrx_word' id='word_1_393' title='bbox 493 2774 521 2809; x_wconf 84' lang='lat' dir='ltr'><strong>F</strong></span> <span class='ocrx_word' id='word_1_394' title='bbox 525 2773 664 2808; x_wconf 83' lang='lat' dir='ltr'><strong>LAME</strong></span> <span class='ocrx_word' id='word_1_395' title='bbox 756 2769 1045 2820; x_wconf 77' lang='grc' dir='ltr'><strong><em>ἐξηνδραπόδισε</em></strong></span> <span class='ocrx_word' id='word_1_396' title='bbox 1071 2766 1173 2815; x_wconf 83' lang='grc' dir='ltr'><strong><em>τότε]</em></strong></span> <span class='ocrx_word' id='word_1_397' title='bbox 1197 2770 1551 2818; x_wconf 73' lang='grc' dir='ltr'><strong><em>ἐξαιδραποδιζεται</em></strong></span> <span class='ocrx_word' id='word_1_398' title='bbox 1575 2768 1747 2803; x_wconf 81' lang='lat' dir='ltr'><strong>FLAMV</strong></span> <span class='ocrx_word' id='word_1_399' title='bbox 1771 2767 1790 2804; x_wconf 80' lang='grc' dir='ltr'><em>ἐ</em></span> <span class='ocrx_word' id='word_1_400' title='bbox 1792 2771 1944 2815; x_wconf 76' lang='grc' dir='ltr'><strong><em>ξηνδρα-</em></strong></span> 
     </span>
     <span class='ocr_line' id='line_1_39' title="bbox 280 2819 1943 2872; baseline -0.003 -5"><span class='ocrx_word' id='word_1_401' title='bbox 280 2829 413 2867; x_wconf 86' lang='grc' dir='ltr'><strong><em>πόδισε</em></strong></span> <span class='ocrx_word' id='word_1_402' title='bbox 438 2831 470 2866; x_wconf 89' lang='grc' dir='ltr'><strong>Ε</strong></span> <span class='ocrx_word' id='word_1_403' title='bbox 577 2834 615 2866; x_wconf 84' lang='lat'><strong><em>21</em></strong></span> <span class='ocrx_word' id='word_1_404' title='bbox 645 2827 813 2867; x_wconf 82' lang='grc' dir='ltr'><strong><em>*κάσιοσ</em></strong></span> <span class='ocrx_word' id='word_1_405' title='bbox 837 2829 867 2863; x_wconf 88' lang='lat' dir='ltr'><strong>F</strong></span> <span class='ocrx_word' id='word_1_406' title='bbox 985 2826 1243 2866; x_wconf 81' lang='grc' dir='ltr'><strong><em>δυνατώτατοι</em></strong></span> <span class='ocrx_word' id='word_1_407' title='bbox 1269 2828 1295 2862; x_wconf 91' lang='grc' dir='ltr'>Ρ</span> <span class='ocrx_word' id='word_1_408' title='bbox 1411 2823 1597 2872; x_wconf 56' lang='grc' dir='ltr'><strong><em>Γόᾳνὶα]</em></strong></span> <span class='ocrx_word' id='word_1_409' title='bbox 1600 2839 1679 2862; x_wconf 79' lang='grc' dir='ltr'><strong><em>ονα</em></strong></span> <span class='ocrx_word' id='word_1_410' title='bbox 1706 2825 1733 2859; x_wconf 89' lang='grc' dir='ltr'>Ρ</span> <span class='ocrx_word' id='word_1_411' title='bbox 1759 2819 1896 2872; x_wconf 76' lang='grc' dir='ltr'><strong><em>)οφνα’,</em></strong></span> <span class='ocrx_word' id='word_1_412' title='bbox 1921 2837 1943 2863; x_wconf 86' lang='lat' dir='ltr'><em>o</em></span> 
     </span>
     <span class='ocr_line' id='line_1_40' title="bbox 279 2880 1898 2934; baseline -0.002 -12"><span class='ocrx_word' id='word_1_413' title='bbox 279 2887 302 2922; x_wconf 88' lang='lat' dir='ltr'><strong><em>i.</em></strong></span> <span class='ocrx_word' id='word_1_414' title='bbox 321 2897 392 2922; x_wconf 85' lang='lat' dir='ltr'>ras.</span> <span class='ocrx_word' id='word_1_415' title='bbox 419 2887 448 2922; x_wconf 80' lang='lat' dir='ltr'><strong>F</strong></span> <span class='ocrx_word' id='word_1_416' title='bbox 474 2884 600 2934; x_wconf 76' lang='grc' dir='ltr'><strong><em>γνόφα</em></strong></span> <span class='ocrx_word' id='word_1_417' title='bbox 626 2886 699 2921; x_wconf 87' lang='grc' dir='ltr'><strong><em>ΑΜ</em></strong></span> <span class='ocrx_word' id='word_1_418' title='bbox 724 2882 889 2932; x_wconf 81' lang='grc' dir='ltr'><strong><em>γνοφαιά</em></strong></span> <span class='ocrx_word' id='word_1_419' title='bbox 914 2886 947 2921; x_wconf 91' lang='lat' dir='ltr'><strong>V</strong></span> <span class='ocrx_word' id='word_1_420' title='bbox 1018 2888 1059 2921; x_wconf 82' lang='lat'><strong><em>22</em></strong></span> <span class='ocrx_word' id='word_1_421' title='bbox 1087 2882 1278 2931; x_wconf 61' lang='grc' dir='ltr'><strong><em>Ἀμμαοῦς]</em></strong></span> <span class='ocrx_word' id='word_1_422' title='bbox 1303 2880 1475 2928; x_wconf 78' lang='grc' dir='ltr'><strong><em>ἐμμαοὶσ</em></strong></span> <span class='ocrx_word' id='word_1_423' title='bbox 1503 2883 1532 2917; x_wconf 90' lang='lat' dir='ltr'>V</span> <span class='ocrx_word' id='word_1_424' title='bbox 1557 2881 1802 2917; x_wconf 73' lang='lat' dir='ltr'><em>amathuntem</em></span> <span class='ocrx_word' id='word_1_425' title='bbox 1827 2881 1898 2918; x_wconf 71' lang='lat' dir='ltr'><strong><em>Lat</em></strong></span> 
     </span>
     <span class='ocr_line' id='line_1_41' title="bbox 280 2940 987 2988; baseline -0.007 -7"><span class='ocrx_word' id='word_1_426' title='bbox 280 2944 318 2981; x_wconf 81' lang='grc' dir='ltr'><strong><em>δὲ</em></strong></span> <span class='ocrx_word' id='word_1_427' title='bbox 343 2954 410 2979; x_wconf 90' lang='lat' dir='ltr'><strong><em>om.</em></strong></span> <span class='ocrx_word' id='word_1_428' title='bbox 437 2944 464 2978; x_wconf 88' lang='lat' dir='ltr'>P</span> <span class='ocrx_word' id='word_1_429' title='bbox 558 2940 686 2988; x_wconf 77' lang='grc' dir='ltr'><strong><em>θαμνά</em></strong></span> <span class='ocrx_word' id='word_1_430' title='bbox 713 2942 775 2977; x_wconf 88' lang='lat' dir='ltr'><strong><em>FL</em></strong></span> <span class='ocrx_word' id='word_1_431' title='bbox 800 2944 931 2987; x_wconf 77' lang='grc' dir='ltr'><strong><em>θαμνᾱ</em></strong></span> <span class='ocrx_word' id='word_1_432' title='bbox 955 2941 987 2976; x_wconf 92' lang='lat' dir='ltr'><strong>V</strong></span> 
     </span>
    </p>
   </div>
   <div class='ocr_carea' id='block_1_8' title="bbox 2026 0 2107 3166">
    <p class='ocr_par' dir='ltr' id='par_1_15' title="bbox 2026 0 2107 3166">
     <span class='ocr_line' id='line_1_42' title="bbox 2026 0 2107 3166; baseline 0 0"><span class='ocrx_word' id='word_1_433' title='bbox 2026 0 2107 3166; x_wconf 95' lang='lat' dir='ltr'><strong><em> </em></strong></span> 
     </span>
    </p>
   </div>
  </div>
 </body>
</html>
