2107 3377
140 306 221 346 372

140 714 221 756 373

139 984 221 1024 374

139 1187 219 1228 375

139 1525 219 1565 376

254 188 337 227 220
708 189 869 234 ANTIQ.
894 189 992 226 IUD.
1017 191 1107 226 XIII
1131 192 1310 227 372—376
1333 194 1418 235 (xm.
1433 195 1465 236 5)

367 307 405 346 5.
435 298 723 360 Ἀλέξανδρος
744 303 792 347 δὲ
811 305 900 347 τῶν
921 303 1096 348 οἰκείων
1114 304 1229 362 πρὸς
1251 301 1383 349 αὐτὸν
1405 304 1754 358 στασιασάντων,
1780 305 1917 350 ἐπαν-

253 373 356 428 έστη
396 370 480 427 γὰρ
520 367 640 428 αὐτῷ
676 370 726 414 τὸ
760 370 895 422 ἔθνος
925 370 1077 430 ἑορτῆς
1107 368 1324 431 ἀγομένης
1351 375 1426 416 καὶ
1456 372 1646 423 ἑστῶτος
1677 368 1810 417 αὐτοῦ
1840 373 1918 418 ἐπὶ

251 440 333 481 τοῦ
361 441 515 494 βωμοῦ
535 440 609 481 καὶ
631 438 762 482 θύειν
782 440 1021 494 μέλλοντος
1039 444 1227 497 κιτρίοις
1249 436 1380 484 αὐτὸν
1403 440 1601 496 ἔβαλλον,
1633 439 1769 495 νόμου
1790 437 1919 493 ὄντος

251 505 378 562 παρὰ
414 515 509 557 τοῖς
532 501 766 557 Ἰουδαίοις
803 505 848 550 ἓν
885 509 940 564 τῇ
977 513 1252 566 σκηνοπηγίᾳ
1290 508 1401 563 ἔχειν
1437 508 1619 551 ἕκαστον
1647 507 1844 565 θύρσους
1873 508 1920 552 ἐκ

254 578 468 631 φοινίκων
498 575 572 617 καὶ
601 577 793 628 κιτρίων,
827 574 1132 633 δεδηλώκαμεν
1163 576 1210 620 δὲ
1240 578 1313 619 καὶ
1334 578 1475 619 ταῦτα
1505 575 1549 619 ἐν
1580 572 1745 629 ἄλλοις,
1776 590 1920 632 προσ-

252 640 589 698 εξελοιδόρησαν
621 638 664 685 δ’
692 638 825 687 αὐτὸν
855 640 916 694 ὥς
947 642 994 694 ἐξ
1022 643 1311 698 αἰχμαλώτων
1340 643 1550 700 γεγονότα
1578 644 1652 686 καὶ
1682 645 1760 699 τῆς
1788 645 1920 702 τιμῆς

251 710 326 752 καὶ
364 711 443 752 τοῦ
482 709 613 754 θύειν
653 705 846 764 ἇνάξιον,
887 710 963 754 ἐπὶ
1003 711 1177 762 τούτοις
1216 707 1447 768 ὀργισθεὶς
1475 714 1635 754 κτείνει
1664 711 1744 765 μὲν
1776 706 1920 755 αὐτῶν

251 777 356 832 περὶ
388 776 721 832 ἑξακισχιλίους,
753 775 1003 837 δρύφακτον
1035 779 1083 822 δὲ
1114 779 1285 830 ξύλινον
1316 782 1422 836 περὶ
1451 779 1528 823 τὸν
1555 778 1708 834 βωμὸν
1738 780 1810 822 καὶ
1842 777 1920 822 τὸν

251 842 357 886 ναὸν
385 841 633 900 βαλόμενος
660 850 786 903 μέχρι
816 850 894 890 τοῦ
924 849 1123 903 θριγκοῦ,
1157 847 1220 898 εἰς
1249 846 1299 890 ὃν
1320 847 1475 902 μόνοις
1496 846 1594 904 ἐξῆν
1615 855 1708 897 τοῖς
1731 846 1920 903 ἱερεῦσιν

251 910 455 965 εισιέναι,
493 913 636 970 τούτω
675 913 755 972 τὴν
792 917 870 958 τοῦ
908 915 1114 970 πλήθους
1145 912 1219 958 ἐπ
1247 911 1380 958 αὐτὸν
1420 911 1702 972 ἀπέφραττεν
1734 914 1921 958 εἴσοδον.

253 978 434 1037 έτρεφεν
465 981 512 1024 δὲ
542 983 616 1025 καὶ
648 981 795 1033 ξένους
824 982 1024 1032 Πισίδας
1051 985 1125 1026 καὶ
1155 984 1363 1033 Κίλικας·
1404 982 1563 1039 Σύροις
1591 981 1674 1038 γὰρ
1706 983 1922 1037 πολέμιος

252 1039 312 1090 (δν
343 1064 420 1090 ουκ
450 1047 616 1107 ἐχρῆτο.
680 1049 1100 1106 καταστρεψάμενος
1141 1050 1188 1093 δὲ
1216 1052 1304 1094 τῶν
1333 1046 1534 1106 Ἀράβων
1564 1053 1817 1105 ΖΙΙωαβίτας
1846 1052 1921 1094 καὶ

251 1116 534 1168 Γαλααδίτας
565 1117 628 1168 εἷς
659 1117 799 1174 φόρου
832 1113 1085 1173 ἀπαγωγήν,
1115 1121 1369 1174 κατερείπει
1397 1119 1471 1160 καὶ
1499 1113 1786 1172 Ἀμαθοῦντα
1809 1121 1922 1161 Θεο-

253 1182 394 1236 δώρου
433 1183 491 1240 μὴ
531 1186 785 1239 τολμῶντος
825 1180 945 1241 αὐτῷ
985 1187 1237 1240 συμβαλεῖν.
1306 1184 1512 1240 συνάψας
1552 1185 1599 1228 δὲ
1636 1184 1778 1243 μάχην
1806 1184 1923 1241 πρὸς

245 1245 429 1305 Ὀβέδαν
465 1250 544 1294 τὸν
573 1248 775 1308 Ἀράβων
811 1253 1001 1308 βασιλέα
1039 1255 1112 1297 καὶ
1153 1252 1304 1296 πεσών
1343 1252 1408 1304 εἷς
1446 1252 1625 1308 ἐνέδραν
1664 1252 1708 1296 ἐν
1741 1257 1924 1309 χωρίοις

250 1319 428 1373 τραχέσι
465 1321 539 1362 καὶ
580 1319 817 1375 δυσβάτοις
852 1317 941 1364 ὑπὸ
975 1320 1182 1379 πλήθους
1211 1320 1417 1379 καμήλων
1449 1320 1512 1371 εἷς
1540 1324 1734 1376 βαθεῖαν
1767 1339 1923 1379 κατερ-

250 1385 394 1444 ράχθη
427 1387 635 1444 φάραγγα
664 1387 777 1431 κατὰ
800 1388 983 1444 Γάδαρα
1012 1388 1161 1446 κώμην
1190 1391 1268 1447 τῆς
1299 1388 1551 1439 ϊουδάνιδος
1579 1391 1654 1433 καὶ
1683 1389 1814 1445 μόλις
1845 1386 1923 1434 αὗ-

249 1453 326 1505 τὸς
365 1454 652 1509 διασώζεται,
693 1456 866 1514 φεύγων
907 1452 948 1499 δ’
983 1456 1155 1500 ἐκεῖθεν
1194 1456 1258 1508 εἷς
1291 1454 1572 1513 Ἱεροσόλυμα
1613 1462 1922 1514 παραγίνεται.

250 1524 321 1565 καὶ
354 1521 470 1580 πρὸς
499 1523 578 1580 τὴν
608 1528 911 1581 κακοπραγίαν
934 1520 1069 1568 αὐτοῦ
1091 1524 1363 1580 ἐπιθεμένου
1383 1527 1462 1568 τοῦ
1485 1525 1645 1576 ἔθνους
1664 1525 1923 1582 πολεμήσας

250 1590 365 1645 πρὸς
397 1587 503 1635 αὐτὸ
532 1592 680 1636 ,ἔτεσιν
711 1592 759 1643 ἓξ
787 1588 963 1647 ἀναιρεῖ
990 1595 1079 1636 τῶν
1103 1588 1328 1637 Ἰουδαίων
1360 1588 1437 1636 οὐκ
1467 1593 1647 1637 ἔλαττον
1677 1596 1812 1636 πέντε
1839 1610 1923 1649 μυ-

250 1659 421 1715 ριάδας.
481 1661 846 1717 παρακαλοῦντος
877 1660 925 1703 δὲ
956 1662 1128 1704 παῦσαι
1158 1659 1236 1716 τὴν
1267 1661 1382 1717 πρὸς
1412 1656 1545 1704 αὐτὸν
1566 1660 1825 1715 δυσμένειαν
1855 1660 1922 1705 ἔτι

249 1729 418 1782 μᾶλλον
450 1727 630 1782 ἐμίσουν
662 1723 794 1771 αὐτὸν
827 1727 901 1771 διὰ
936 1727 992 1771 τὰ
1024 1728 1341 1786 συμβεβηκότα.
1400 1731 1742 1783 πυνθανομένου
1773 1723 1816 1770 δ’
1843 1723 1921 1771 αὗ-

363 1876 384 1919 ξ
411 1878 475 1909 372
502 1894 544 1904 =
567 1875 651 1911 ben.
677 1875 753 1911 1ud.
778 1875 796 1910 1
821 1877 875 1910 88.

362 1999 646 2035 PFLAMVWE
658 1999 728 2035 Lat
741 1999 902 2035 Zonaras
927 1999 945 2033 I
969 2010 1003 2043 p.
1023 2001 1100 2034 393.

364 2058 383 2090 2
408 2053 552 2105 *αὐτῷ
577 2051 642 2093 ἐπ’
661 2051 779 2093 αὐτὸν
802 2054 1023 2090 FLAMVW
1093 2057 1190 2101 *τῆσ
1207 2053 1346 2102 ἑορτῆσ
1362 2053 1583 2089 FLAMVW
1598 2054 1786 2099 feste'ue'tas
1803 2055 1919 2091 taber-

248 2112 461 2147 naculorum
487 2113 558 2147 Lat
674 2115 693 2147 3
718 2113 850 2149 θύσειν
874 2112 905 2146 Ε
1021 2112 1223 2159 *κιτρίουσ
1247 2111 1275 2145 F
1303 2111 1419 2157 ἰιίνριέ
1443 2111 1598 2146 cedrinis
1622 2112 1693 2146 Lat
1808 2115 1828 2147 5
1852 2113 1920 2147 *in

249 2169 478 2215 scenopeqiis
500 2168 573 2203 Lat
678 2166 885 2216 *θῦρσουςἸ
911 2170 1077 2216 θυρεοῦσ
1101 2167 1130 2202 Ρ
1239 2171 1257 2202 5
1284 2168 1475 2215 *κητρίων
1500 2167 1526 2201 Ρ
1550 2169 1719 2215 κιτρίων,
1743 2183 1779 2205 κι
1803 2168 1826 2204 i.
1845 2179 1918 2204 ras.

247 2226 280 2260 A
395 2222 827 2273 *προσεξελοιδόρησαν]
853 2221 1204 2272 προσελοιδόρησαν
1227 2224 1267 2259 Μ
1383 2228 1402 2259 6
1428 2220 1475 2265 δ’]
1501 2235 1568 2260 0111.
1596 2224 1624 2259 P
1649 2225 1687 2262 δὲ
1711 2225 1743 2260 Ε
1852 2223 1922 2269 *ἐξ

249 2279 511 2328 αἰχμαλώτων]
538 2280 781 2328 αἰχμάλωτον
805 2281 864 2316 PF
869 2281 899 2316 V
924 2280 968 2316 cle
992 2282 1140 2327 captiua
1164 2280 1233 2315 Lat
1373 2285 1390 2315 7
1418 2276 1616 2325 *α’νάξιον]
1642 2278 1736 2318 εἶναι
1762 2277 1920 2325 α’νάξιον

247 2339 402 2373 LAMW
474 2342 493 2374 8
518 2336 617 2376 *τὸν
639 2335 734 2375 ναὸν
750 2340 814 2374 καὶ
830 2338 901 2374 τὸν
916 2335 1053 2384 βωμὸν
1070 2340 1114 2372 tr.
1132 2337 1170 2372 M
1241 2340 1260 2371 9
1285 2335 1558 2384 *βαλλόμειόσ
1574 2337 1672 2372 FLV
1742 2341 1918 2386 θριγκοῦ]

249 2399 407 2443 οριγχοῦ
431 2396 458 2430 Ρ
482 2398 667 2444 θριγκτοῦ
691 2395 721 2429 L
746 2397 903 2443 τριγχοῦ
928 2393 1082 2429 AMWE
1179 2391 1291 2439 *ἐξῆν
1315 2405 1383 2429 om.
1411 2394 1437 2427 P
1543 2398 1579 2428 10
1604 2394 1797 2437 *εἰσιέναι]
1823 2394 1918 2431 ἴέναι

247 2452 277 2487 L
377 2451 615 2500 ἐπέφραττεν
638 2451 827 2487 LAMWE
948 2454 985 2486 11
1012 2451 1103 2486 *καὶ
1127 2460 1195 2485 om.
1213 2449 1260 2484 W
1376 2452 1579 2487 *πείσιδασ
1596 2450 1624 2485 P
1733 2452 1822 2487 *καὶ
1847 2462 1917 2487 om.

246 2509 274 2543 P
418 2513 457 2544 12
483 2509 684 2557 *ἐκέχρητο
716 2509 757 2544 Μ
895 2510 1013 2550 *τῶν]
1039 2505 1106 2554 τὴν
1129 2506 1190 2541 PF
1216 2509 1280 2553 τῆς
1305 2507 1386 2542 coni
1536 2509 1573 2541 13
1599 2508 1862 2553 γααλααδίτασ
1885 2507 1917 2542 L

245 2567 515 2612 γαλααδίτιδασ
539 2566 571 2601 Ε
595 2565 821 2613 qaladiticlas
843 2565 915 2600 Lat
1051 2561 1231 2612 *φόρουσ
1254 2563 1285 2598 L
1418 2565 1610 2610 κατερίπει
1637 2563 1664 2597 Ρ
1688 2562 1918 2610 κατέρριπτε

245 2625 336 2663 (ww
360 2622 389 2656 F
399 2623 504 2665 ¹LA1)
529 2622 734 2658 FLAMVE
759 2622 990 2670 κατέρριπεν
1013 2620 1060 2655 W
1084 2621 1316 2667 eoepthtaectuz’t
1339 2619 1409 2656 Lat
1523 2621 1625 2662 *καὶ]
1650 2618 1720 2664 μὲν
1744 2619 1826 2654 coni

250 2683 287 2714 15
322 2676 490 2727 *όβεδαν
522 2679 550 2713 Ρ
588 2675 751 2727 ὀβδαιάν
782 2679 812 2714 F
846 2675 1010 2726 ὀβενδᾱν
1033 2677 1065 2714 V
1097 2677 1238 2714 obiciam
1268 2676 1338 2712 Lat
1474 2673 1553 2717 τὸν]
1588 2678 1664 2712 τῶν
1689 2675 1826 2711 FLME

250 2740 289 2771 1ss
315 2738 516 2781 *καμίλων
539 2736 572 2772 V
694 2735 873 2783 *βαθέαν
896 2731 1115 2782 κατεράχθη
1139 2733 1167 2768 Ρ
1309 2736 1346 2767 17
1371 2729 1469 2770 κατὰ
1496 2753 1536 2757 -
1563 2730 1784 2774 ϊουδάνιδος]
1808 2732 1917 2769 iuxta

246 2792 480 2838 yalaclilidem
497 2793 566 2827 Lat
659 2789 829 2840 Γάδαρα]
856 2789 930 2839 γὰρ
955 2787 1051 2839 α’δρα
1076 2791 1106 2825 L
1131 2787 1277 2838 γαράδα
1296 2790 1368 2824 AM
1391 2787 1564 2836 χαράδρα
1590 2788 1655 2833 W3
1680 2789 1764 2833 quid
1788 2799 1915 2824 uerum

247 2848 304 2889 sit,
329 2860 400 2884 non
425 2852 577 2895 apparet
713 2846 931 2891 ϊουδάνιδος]
964 2849 1231 2895 γαλααδίτιδοσ
1263 2845 1483 2881 FLAMVW
1509 2845 1741 2888 Γαυλανίδος
1766 2845 1847 2882 coni
1871 2855 1915 2881 ex

246 2905 328 2940 bell.
354 2905 443 2948 1u‹1.‚
469 2906 531 2941 ubi
556 2908 612 2941 est
634 2903 732 2943 κατὰ
759 2903 827 2952 τὴν
851 2902 1050 2952 Γαυλάνην
1179 2899 1332 2946 *αὖτὸς1
1359 2896 1476 2940 οὗτοσ
1501 2902 1528 2937 Ρ
1664 2905 1702 2938 18
1728 2902 1766 2939 δὲ
1791 2902 1824 2937 Ε

248 2965 289 2997 20
315 2958 444 2999 *αι’-τῶ
468 2962 498 2997 L
524 2958 642 2999 αι’-τὸν
665 2962 698 2997 V
791 2959 882 3009 *ἔτη
907 2961 963 2997 ed.
990 2972 1043 3006 pr.
1134 2957 1325 3009 μυριάδων
1350 2960 1380 2995 Ε
1475 2962 1516 2994 22
1543 2954 1671 2995 *(ιῦτῶ
1696 2958 1735 2993 Μ
1819 2958 1859 2996 δὲ
1882 2957 1916 2994 Ε

1952 923 1990 956 10

1954 1261 1990 1295 15

1951 1600 1990 1634 20
