2107 3377
221 454 303 494 458

221 793 305 832 459

223 995 305 1035 460

221 1198 298 1238 461
349 1193 361 1208 ²

335 203 418 242 324
781 203 945 249 ANTIQ.
971 202 1066 239 IUD.
1092 203 1179 239 XIV
1204 204 1381 238 457-461
1407 203 1477 244 (xv,
1494 203 1546 244 12)

333 317 674 375 προσεκάθητο·
701 315 900 374 Ἡρώδης
932 316 979 359 δὲ
1010 319 1142 359 πέντε
1173 315 1329 366 πόλεις
1358 313 1619 368 καταλαβών
1640 312 1742 363 τοί-ς
1764 312 2000 371 ἔγκαταλη-
2047 360 2052 365 ,

335 388 538 443 φθέντας
567 387 672 441 περὶ
705 385 946 438 δισχιλίους
976 381 1107 434 ὄντας
1137 383 1373 441 ἐφόνευσεν
1406 378 1542 432 αὐτάς
1571 397 1618 423 τε
1646 379 1727 430 τὰς
1748 380 1903 431 πόλεις
1924 380 2001 436 ἒμ-

336 452 514 511 πρήσας
555 453 807 508 ἐπανῆλθεν
847 452 924 496 ἐπὶ
961 451 1038 496 τὸν
1069 451 1296 495 Πάππον·
1338 447 1772 505 ἐστρατοπεδεύσατο
1803 444 1844 491 δ>
1872 444 2001 500 οὗτος

334 522 441 577 περὶ
478 521 626 578 κώμην
650 515 822 570 Ἰσάνας
850 521 1120 577 καλουμένην
1150 521 1224 563 καὶ
1254 519 1433 562 πολλῶν
1466 512 1585 572 αυτῷ
1614 515 1924 570 προσρεόντων
1955 515 2001 560 ἐκ

334 590 412 646 τῆς
437 585 639 644 Ιεριχοῦς
676 589 751 631 καὶ
780 590 858 645 τῆς
889 585 1023 646 ἄλλης
1047 584 1283 640 Ἰουδαίας,
1326 586 1423 629 επεὶ
1464 585 1656 642 πλησίον
1686 588 1874 639 γίνεται,
1913 586 2002 627 τῶν

335 656 566 710 πολεμίων
597 655 725 706 έπεξε
728 656 932 700 λθόντων
965 651 1115 706 αυτοῖς
1143 653 1231 698 ὕπὸ
1265 654 1468 711 θράσους
1504 649 1739 707 σιμβαλων
1769 660 1920 707 κρατεῖ
1947 653 2002 709 τῆ

334 723 464 780 μάχῃ,
495 724 569 766 καὶ
599 725 803 779 τιμωρῶν
833 718 1042 780 τάδελφω
1074 723 1310 781 φεύγουσιν
1342 722 1405 772 εἷς
1434 720 1512 780 τὴν
1541 720 1690 777 κώμην
1712 719 1864 763 είπετο
1886 723 2001 763 κτεί-

336 808 436 834 νων.
495 793 859 874 πεπληρωμένων
891 791 938 834 δὲ
968 793 1056 834 τῶν
1087 790 1298 847 οἰκήσεων
1330 788 1527 833 ὁπλιτῶν
1558 792 1633 831 καί
1652 804 1783 830 τινων
1806 784 2002 845 ἀναφευ-

333 858 500 914 γόντων
522 857 599 903 επὶ
620 876 701 910 τας
723 862 879 915 στέγας
899 867 1051 915 κρατεῖ
1080 858 1260 911 τουτων,
1292 860 1364 901 καὶ
1395 873 1497 907 τους
1528 848 1673 906 οἴκοις
1702 857 1791 898 τῶν
1821 850 2002 913 ορόφων

336 924 635 971 ἀνασκάπτων
666 928 837 982 έμπλεα
867 928 923 970 τὰ
953 925 1072 969 κάτω
1103 928 1190 968 τῶν
1222 927 1503 981 στρατιωτῶν
1525 923 1640 979 ἑώρα
1665 919 1848 979 αθρόων
1870 918 2004 967 ἆπει-

336 994 580 1051 ληιιμένων.
639 995 822 1045 τούτους
858 1012 938 1049 μεν
979 992 1054 1037 οὖν
1093 996 1280 1049 πέτραις
1318 989 1496 1035 ἄνωθεν
1521 991 1771 1047 βάλλοντες
1802 989 2003 1048 σωρηδὸν

336 1057 411 1104 ἐπ’
438 1057 700 1118 ἀλλήλοις3
677 1063 886 1120 ανηρουν·
917 1064 989 1105 καὶ
1022 1063 1176 1115 θέαμα
1206 1062 1335 1103 τοῦτο
1368 1059 1621 1103 δεινότατον
1652 1077 1703 1117 ην
1733 1076 1845 1102 κατα
1875 1058 2004 1103 τόνδε

334 1128 413 1172 τὸν
455 1130 654 1185 πόλεμον
692 1132 854 1185 νεκρῶν
891 1129 941 1172 τὸ
983 1129 1162 1186 πλῆθος
1203 1123 1404 1183 ἀπείρων
1443 1125 1564 1177 ἐντὸς
1602 1129 1689 1170 τῶν
1728 1129 1882 1180 τειχῶν
1926 1121 1998 1170 ἐπ’

336 1197 547 1256 αλλήλοις
584 1200 808 1252 κειμένων.
869 1198 999 1239 τοῦτο
1039 1194 1088 1239 τὸ
1132 1194 1257 1251 ἔργον
1296 1194 1494 1249 μάλιστα
1531 1193 1585 1237 τά
1624 1193 1886 1252 φρονήματα
1915 1196 2004 1238 τῶν

336 1265 564 1327 πολεμίων
595 1265 774 1308 ε’κλασεν
803 1263 1167 1319 καραδοκούντων
1206 1262 1254 1306 τὸ
1293 1263 1476 1318 μέλλον
1518 1261 1720 1318 εωρῶντο
1758 1260 1842 1318 γὰρ
1882 1278 2005 1317 παμ-

333 1324 531 1391 πληθεῑς
551 1333 794 1390 πόρρωθεν
816 1331 1125 1389 συγγενόμενοι
1157 1333 1260 1387 περὶ
1291 1348 1369 1389 την
1399 1330 1567 1388 κώμην·
1601 1332 1645 1374 οἳ
1673 1329 1775 1373 τότε
1805 1329 2002 1387 έφευγον,

332 1402 408 1445 καὶ
447 1418 486 1444 ει
524 1419 581 1458 μη
620 1401 785 1456 χειμών
816 1400 998 1455 επέσχεν
1036 1399 1204 1456 βάθος,
1245 1416 1342 1456 ηκεν
1374 1416 1427 1442 αν
1457 1400 1531 1442 καὶ
1563 1397 1641 1442 επὶ
1666 1395 1947 1453 Ἱεροσόλυμα
1976 1395 2002 1456 ἡ

331 1470 553 1524 βασιλέως
581 1468 768 1525 στρατιά
799 1471 1034 1525 θαρροῦσα
1063 1470 1128 1524 τεῦ
1158 1471 1437 1526 νενικηκέναι,
1469 1468 1542 1510 καὶ
1563 1465 1612 1510 τὸ
1635 1468 1727 1509 πᾶν
1747 1457 1850 1523 ἦν
1830 1483 1884 1509 αν
1914 1464 2004 1523 εἷρ-

333 1540 551 1594 γασμενη·
590 1539 664 1581 καὶ
702 1536 786 1594 γάρ
812 1532 1067 1592 Αντίγονος
1096 1533 1179 1594 ηδη
1211 1536 1288 1593 τὴν
1319 1536 1515 1593 παντελῆ
1547 1533 1688 1592 φυγὴν
1720 1532 1902 1577 εσκόπει
1930 1534 2003 1577 καὶ

335 1600 650 1649 ἀπανάστασιν
684 1604 729 1649 ἐκ
758 1607 835 1662 τῆς
865 1604 1055 1655 πόλεως.

449 1752 470 1795 ς
494 1754 559 1786 457
585 1768 630 1780 =
653 1750 736 1785 ben.
763 1750 840 1787 lud.
866 1750 882 1784 1
908 1754 984 1786 334.

448 1884 806 1920 PFLAMVWELat
819 1884 980 1919 Zonaras
1006 1883 1023 1917 1
1047 1894 1083 1928 p.
1109 1886 1187 1918 417.

452 1945 466 1976 1
501 1937 782 1988 προσεκάθητω
815 1939 843 1974 P
873 1937 1121 1986 παρεκάθητο
1148 1939 1214 1973 FV
1245 1935 1490 1984 προεκάθητο
1523 1938 1553 1972 L
1585 1937 1849 1986 προσκάθηται
1884 1939 1914 1974 Ε

335 2002 418 2044 post
442 1998 584 2034 *πέντε
602 2000 689 2032 4-5
708 1997 774 2031 litt.
793 2005 918 2031 erasae
938 1997 965 2031 P
1060 1992 1329 2042 *παραλαβὼν
1345 1994 1566 2031 FLAMVW
1636 1995 2005 2042 ἐγκαταληφθέντας]

335 2052 666 2092 ἐνκαταλιπόντασ
683 2053 710 2088 P
728 2052 1103 2107 ἐγκαταλειφθέντασ
1121 2051 1342 2087 FLAMVW
1359 2053 1689 2099 καταληφθέντασ,
1713 2067 1732 2098 η
1749 2052 1785 2086 iu
1803 2065 1834 2089 ει
1855 2061 1948 2087 corr.
1971 2050 2005 2086 E

334 2123 481 2158 relictos
496 2122 566 2156 Lat
638 2124 656 2155 3
685 2119 793 2164 *τὸν]
812 2112 878 2168 t7⁰yv
901 2122 929 2156 P
1022 2125 1210 2167 *παμπον
1233 2120 1339 2155 PLat
1363 2117 1516 2156 πάπτον
1536 2120 1569 2155 V
1661 2117 2005 2166 ἐστρατοπεδεύετο

336 2182 468 2221 (-παιδ-
492 2178 536 2221 L)
560 2177 780 2213 FLAMVW
852 2178 890 2215 δὲ
914 2177 1102 2214 FLAMW
1171 2182 1192 2214 4
1217 2179 1314 2223 περὶ]
1341 2187 1384 2211 ex
1401 2177 1482 2213 bell.
1500 2176 1576 2212 Iud.
1595 2175 1655 2213 ἐπὶ
1681 2177 1783 2213 codd.
1853 2173 2007 2221 Ἰσάνας]

335 2238 475 2272 ἰ’σανᾶσ
487 2235 515 2269 P
529 2245 700 2270 assanam
713 2233 783 2269 Lat
793 2236 903 2271 Κανᾶ
916 2234 996 2269 bell.
1012 2235 1090 2269 Iud.
1106 2235 1127 2279 ξ
1141 2237 1207 2269 334
1221 2238 1317 2268 recte
1331 2238 1371 2267 ut
1383 2233 1457 2268 uid.
1523 2229 1649 2270 αὐτῶν
1661 2234 1694 2268 V
1757 2238 1776 2269 5
1791 2230 2008 2282 *Ἱεριχοῦν-

335 2306 402 2335 τος
427 2292 577 2327 Hudson
645 2292 736 2336 *τῆς
761 2301 828 2326 om.
854 2291 884 2325 F
978 2289 1118 2337 *ἄλλης
1136 2302 1205 2326 om.
1222 2289 1525 2325 FLAMVWLat
1593 2285 1779 2333 Ἰουδαίας]
1804 2290 2008 2336 ἰδουμαίασ

335 2349 369 2384 Ε
441 2351 460 2382 6
485 2344 782 2391 ἐπεξελθόντων,
801 2361 854 2384 ων
871 2357 915 2382 ex
933 2360 980 2383 οσ
997 2357 1089 2382 corr.
1108 2347 1148 2382 M
1217 2344 1393 2393 θάρσουσ
1417 2346 1638 2381 FLAMVW
1708 2346 1775 2393 τὴν
1790 2345 1914 2395 μάχην
1930 2347 1960 2382 F

337 2409 355 2439 7
383 2402 552 2446 *εἳ’πετο]
577 2402 749 2441 ἐπέκειτο
774 2404 809 2443 V,
879 2407 898 2438 S
924 2401 1148 2450 *οἰκήσεων]
1176 2401 1315 2449 οἰκήων
1338 2404 1371 2438 V
1455 2406 1580 2445 τινων]
1606 2406 1759 2439 πολλῶν
1782 2403 2006 2440 LAMVWE

336 2464 491 2498 πολλῶν
514 2463 628 2497 τινῶν
653 2461 682 2495 F
754 2464 774 2495 9
798 2466 992 2506 κρατεῖ-
1011 2463 1051 2494 12
1070 2457 1247 2505 ἀνῄρουν]
1273 2460 1374 2495 tectis
1397 2460 1536 2494 auulsls
1560 2461 1715 2505 desuper
1738 2460 1922 2506 lapidibus
1945 2470 2009 2496 eos

337 2518 518 2564 oppressit
536 2517 606 2552 Lat
676 2515 764 2559 τοὺς
782 2515 910 2559 οἴκους
934 2519 1012 2553 τῶν
1031 2511 1201 2562 ὀρόφων]
1227 2513 1318 2553 τοὶτσ
1345 2511 1520 2563 ὀρόφουσ
1538 2520 1614 2552 τῶν
1632 2517 1763 2552 οἰκιῶν
1779 2517 1944 2558 (οἰκειῶν
1959 2517 2008 2553 L·

337 2572 455 2611 οἴκων
469 2574 513 2612 Ε)
530 2573 701 2608 FLAME
719 2577 796 2610 τῶν
815 2569 974 2619 ὀρόφων
992 2571 1084 2610 τοὺσ
1103 2571 1235 2609 οἷ’κουσ
1249 2573 1280 2609 V
1295 2570 1386 2610 τοὺσ
1405 2571 1547 2619 ὅρκουσ
1568 2576 1642 2609 τῶν
1660 2573 1790 2609 οἰκιῶν
1803 2573 1850 2608 W
1864 2573 1910 2609 cf.
1927 2573 2006 2610 bell.

335 2630 415 2666 Iud.
535 2634 574 2665 10
600 2627 646 2667 τὰ
671 2627 787 2672 κάτω]
813 2631 845 2665 Ε
870 2626 916 2667 τὰ
941 2627 1039 2666 κατὰ
1066 2630 1093 2664 Ρ
1119 2632 1237 2666 ταῦτα
1263 2629 1461 2671 LAMVW‚
1487 2641 1554 2665 om.
1582 2630 1611 2664 F
1710 2631 1788 2666 τῶν
1811 2640 1879 2665 om.
1907 2630 1939 2665 E

335 2683 526 2733 *ἄθριῦον
543 2686 574 2722 V
599 2683 758 2734 ἀθρόως
782 2686 929 2722 Ernesti
1005 2690 1040 2720 11
1069 2686 1215 2732 πέτρασ
1243 2686 1269 2720 Ρ
1294 2686 1451 2731 πέτροισ
1478 2686 1635 2721 AMWE
1711 2689 1748 2721 12
1773 2684 2008 2730 δεινότατον]

338 2741 464 2781 δεινὸν
488 2743 516 2778 Ρ
586 2741 697 2785 κατὰ]
723 2745 801 2779 τῶν
824 2740 923 2780 κατὰ
943 2743 1023 2778 coni
1097 2745 1136 2778 13
1161 2739 1278 2778 ἐντὸσ
1302 2753 1346 2777 ex
1369 2742 1497 2779 ἐντοῖσ
1520 2754 1612 2779 corr.
1632 2743 1663 2776 V
1687 2739 1798 2785 ἐκτὸς
1823 2741 2008 2779 Lowthius

455 2803 494 2836 1ss
520 2797 786 2847 συγγινόμενοι
811 2799 1032 2835 FLAMVW
1150 2796 1290 2845 ἔφυγον
1314 2799 1344 2833 L
1463 2804 1499 2835 17
1527 2797 1674 2846 *χιμιὺν
1703 2799 1729 2834 Ρ
1822 2797 2009 2846 *ἐπέσχεν

336 2854 472 2903 βαθύς]
500 2854 662 2893 ὄπισθεν
685 2852 814 2903 βαθὺσ
837 2850 883 2902 ἦν
908 2856 935 2890 Ρ
962 2853 1126 2893 ὄπισθεν
1148 2853 1277 2902 βαθὶπσ
1303 2855 1349 2889 W
1447 2853 1607 2903 fias-iv
1631 2857 1662 2890 A
1761 2859 1797 2891 18
1825 2857 2009 2894 ι·ειίκεί·αι

337 2912 366 2947 F
484 2909 531 2949 <Fr
556 2924 623 2948 om.
649 2912 754 2947 FME
871 2911 1128 2961 *ἣργασμένοι
1154 2912 1184 2947 L
1217 2911 1467 2959 εἰργασαμένη
1492 2913 1535 2947 W
1563 2913 1814 2959 ,εἰργασμένον
1839 2913 1918 2949 coni

340 2973 383 3004 20
409 2966 696 3006 *ἐπανάστασιν
721 2969 812 3012 AW,
839 2969 861 3004 i.
892 2979 1002 3014 marg.
1029 2983 1075 3017 γρ
1102 2964 1367 3006 ἀπανάστασιν
1388 2970 1418 3003 A
