2107 3377
253 170 334 209 216
685 169 847 214 ANTIQ.
873 170 970 206 IUD.
995 170 1084 206 XIII
1109 173 1289 207 349—354
1311 173 1441 215 (x111.1.
1457 173 1489 214 2)

144 289 224 330 350
254 301 333 336 κας
354 288 578 341 πέμψασα
598 284 748 340 Κῴοις
768 286 1011 340 παρέθετο.
1070 283 1313 327 κελεύσασα
1344 283 1392 327 δὲ
1415 283 1493 327 τὸν
1515 283 1612 327 υἱὸν
1632 278 1919 342 Ἀλέξανδρον

255 353 399 410 στόλῳ
429 352 606 409 μεγάλῳ
637 353 892 406 παραπλεῖν
932 351 995 403 εἷς
1028 356 1238 410 Φοινίκην
1269 349 1293 409 ἥ
1325 351 1596 408 Κλεοπάτρα
1624 351 1736 406 μετὰ
1770 352 1920 411 πάσης

256 417 362 475 αὐτὴ
394 423 472 478 τῆς
503 419 729 474 δυνάμεως
759 415 859 476 ἧκεν
891 418 954 470 εἷς
983 420 1294 474 Πτολεμαΐδα,
1331 419 1389 477 μὴ
1424 418 1673 474 δεξαμένων
1704 419 1751 463 δὲ
1782 415 1918 477 αὐτὴν

142 492 221 533 351
254 491 343 531 τῶν
365 489 661 542 Πτολεμαιῶν
681 487 914 544 πολιορκεῖ
931 486 1010 546 τὴν
1030 487 1178 532 πόλιν.
1223 488 1506 542 Πτολεμαῖος
1527 483 1567 530 δ3
1594 486 1639 530 ἐκ
1658 489 1736 545 τῆς
1755 491 1918 545 Συρίας

254 551 472 599 άπελθών
495 554 570 599 ἐπὶ
593 553 671 610 τὴν
695 554 932 611 Αἴγυπτον
954 554 1180 608 ἔσπευσεν,
1213 555 1450 612 αἰφνιδίως
1471 551 1605 612 αῧτὴν
1627 554 1830 613 οἰόμενος
1848 571 1920 600 κε·

253 623 329 682 ν-ὴν
352 615 488 667 οὖσαν
520 624 731 679 στρατιᾶς
759 622 990 674 καθέξειν·
1023 618 1135 666 ἀλλὰ
1158 622 1447 679 διαμαρτάνει
1468 625 1546 680 τῆς
1568 621 1764 674 ἐλπίδος.
1804 622 1917 666 κατὰ

250 694 407 735 τοῦτον
439 690 490 749 δὴ
521 690 599 734 τὸν
625 690 784 746 χρόνον
813 693 969 748 συνέβη
990 693 1063 734 καὶ
1084 692 1279 734 Χελκίαν
1299 689 1377 734 τὸν
1399 689 1545 746 ἕτερον
1572 693 1660 734 τῶν
1680 693 1758 747 τῆς
1779 692 1919 735 Κλεο-

252 759 428 816 πάτρας
457 757 683 815 ἡγεμόνων
715 754 968 802 ἀποθανεῖν
998 760 1102 815 περὶ
1132 759 1283 815 κοίλην
1308 761 1470 813 Συρίαν
1501 757 1718 802 διώκοντα
1747 760 1918 802 Πτολε-

248 836 397 882 μαῖον.

141 896 221 936 352
367 898 407 938 2.
445 890 694 938 Ἀκούσασα
733 889 774 937 δ’
808 891 833 951 ἡ
866 893 1136 949 Κλεοπάτρα
1174 892 1252 949 τὴν
1293 892 1566 951 ἐπιχείρησιν
1605 893 1684 952 τὴν
1713 896 1793 937 τοῦ
1822 894 1921 938 υἱοῦ

250 964 323 1006 καὶ
363 957 434 1006 ὅτι
472 961 526 1004 τὰ
565 963 669 1018 περὶ
708 961 787 1019 τὴν
815 962 1055 1018 Αἴγυπτον
1087 957 1162 1015 οὐχ
1193 960 1243 1004 ὃν
1274 961 1526 1017 προσεδόκα
1554 961 1724 1016 τρόπον
1759 978 1920 1018 προκε-

248 1030 442 1088 χώρηκεν
474 1025 613 1086 αι’-τῴ,
655 1032 876 1085 πέμψασα
914 1032 1048 1085 μέρος
1077 1031 1156 1086 τῆς
1187 1031 1398 1083 στρατιᾶς
1429 1028 1630 1084 ἐξέβαλεν
1662 1025 1794 1072 αὐτὸν
1826 1025 1917 1072 άπὸ

250 1101 328 1155 τῆς
365 1098 524 1154 χώρας.
583 1098 657 1140 καὶ
695 1094 718 1140 ὅ
759 1097 838 1152 μὲν
877 1095 921 1139 ἐκ
959 1098 1036 1152 τῆς
1065 1096 1304 1152 Αἰγύπτου
1344 1095 1482 1139 πάλιν
1519 1093 1812 1152 ὑποστρέψας
1843 1095 1921 1140 τὸν

140 1167 220 1208 353
248 1168 445 1220 χειμῶνα
469 1167 696 1220 διέτριψεν
719 1163 763 1207 ὲν
785 1164 913 1221 Γάζῃ.
974 1163 1246 1220 Κλεοπάτρα
1277 1159 1318 1206 δ)
1346 1162 1390 1207 ἐν
1420 1163 1562 1220 τούτῳ
1583 1163 1661 1220 τὴν
1684 1163 1728 1207 ἐν
1748 1166 1921 1208 Πτολε-

250 1234 381 1288 μαΐδι
412 1232 612 1290 φρουρὰν
644 1231 688 1275 ἐκ
718 1233 982 1287 πολιορκίας
1004 1231 1220 1287 λαμβάνει
1239 1233 1312 1275 καὶ
1338 1230 1418 1288 τὴν
1439 1231 1588 1275 πόλιν.
1632 1227 1921 1289 Ἀλεξάνδρου

251 1297 293 1344 δ’
322 1296 457 1358 αὐτὴν
493 1299 605 1355 μετὰ
647 1299 801 1355 δώρων
840 1298 1164 1355 περιελθόντος
1201 1300 1276 1342 καὶ
1314 1303 1568 1355 θεραπείας
1599 1297 1765 1351 ὁποίας
1796 1297 1920 1351 ἄξιον

249 1359 301 1427 ἦν
331 1367 603 1412 πεπονθότα
632 1369 712 1423 μὲν
732 1370 875 1419 κακῶς
902 1364 990 1410 ὑπὸ
1014 1368 1312 1422 Πτολεμαίου,
1342 1370 1597 1425 καταφυγῆς
1618 1363 1660 1410 δ’
1688 1364 1764 1412 οὐκ
1785 1365 1920 1427 ἄλλης

249 1431 276 1495 ἢ
306 1435 469 1495 ταύτης
501 1431 788 1493 εὐποροῦντα,
820 1436 936 1485 τινὲς
956 1435 1036 1490 μὲν
1057 1437 1144 1478 τῶν
1167 1437 1310 1493 φίλων
1339 1437 1414 1479 καὶ
1435 1438 1575 1478 ταῦτα
1607 1435 1919 1491 συνεβούλευον

251 1500 363 1562 αὐτῇ
394 1506 545 1560 λαβεῖν
574 1506 649 1548 καὶ
678 1503 757 1562 τὴν
785 1503 932 1558 χώραν
963 1502 1217 1560 ἐπελθούσῃ
1248 1513 1481 1558 κατασχεῖν
1511 1506 1584 1547 καὶ
1612 1502 1671 1559 μὴ
1700 1503 1920 1561 περιιδεῖν

141 1576 222 1616 354
254 1569 329 1616 ἐπ)
358 1568 484 1629 ἆνδρὶ
516 1571 580 1615 ἑνὶ
604 1574 791 1615 τοσοῦτο
813 1572 993 1628 πλῆθος
1015 1566 1201 1627 άγαθιῦν
1216 1567 1441 1615 Ἰουδαίων
1461 1575 1672 1626 κείμενον.
1716 1567 1923 1624 Ἀνανίας

251 1642 299 1685 δὲ
330 1640 645 1697 συνεβούλευσε
673 1639 849 1690 τούτοις
881 1639 1078 1692 ἐναντία,
1122 1640 1258 1696 λέγων
1291 1636 1423 1682 ἄδικα
1452 1639 1659 1697 ποιήσειν
1695 1635 1842 1696 αῧτήν,
1883 1638 1922 1683 εἰ

362 1763 728 1800 PFLAMVWELat

365 1826 380 1857 1
410 1822 448 1859 δὲ
472 1832 540 1857 om.
568 1819 722 1854 LAMW
862 1822 881 1854 2
914 1819 966 1862 εἰς
992 1820 1182 1865 Φοινίκην]
1217 1819 1251 1855 εἰ
1279 1815 1319 1865 δὴ
1353 1817 1449 1864 φυγὴ
1475 1817 1624 1864 γένοιτο
1649 1817 1921 1853 LAMWELat

362 1877 383 1925 ἡ
401 1899 445 1904 -
464 1881 482 1912 3
502 1875 755 1917 Πτολεμαΐδα]
778 1879 932 1921 propter
955 1875 1141 1920 refuqiwn
1166 1886 1302 1910 omnem
1327 1886 1429 1909 suam
1447 1875 1713 1921 expeditionem
1732 1873 1920 1920 cleopatra

250 1937 287 1971 in
306 1935 530 1982 ptolemaide
554 1934 720 1980 deposuit
745 1932 814 1967 Lat
939 1928 960 1977 ἡ
987 1929 1219 1979 Κλεοπάτρα
1245 1931 1328 1966 eicit
1353 1931 1543 1966 Holwerda
1674 1927 1919 1977 Κλεοπάτρα]

248 1990 469 2038 κλεοπάτρα
495 1990 533 2027 δὲ
556 1989 711 2024 LAMW
826 1992 845 2023 3
872 1985 978 2034 αὐτὴ]
1003 1987 1193 2023 Holwerda
1218 1983 1335 2033 αῧτῆσ
1360 1987 1462 2022 codd.
1489 1987 1522 2022 E
1629 1991 1650 2022 4
1675 1989 1921 2032 πτολεμαίων

249 2049 277 2084 Ρ
303 2046 552 2092 πτολεμαέων
576 2045 796 2081 FLAMWE
878 2041 1095 2090 ἐπολιόρκει
1120 2043 1149 2078 F
1154 2044 1342 2079 LAMWE
1421 2044 1459 2081 δὲ
1484 2043 1640 2079 AMWE
1710 2040 1921 2081 *ἀπελθὼν

249 2103 293 2141 ἐκ
318 2107 387 2151 τῆσ
412 2105 547 2149 συρίασ
570 2108 615 2138 tr.
641 2102 704 2137 FL
821 2105 839 2136 5
867 2100 927 2137 ἐπὶ
953 2097 1032 2147 τὴν]
1059 2100 1114 2137 εἰσ
1139 2100 1168 2134 F
1194 2100 1250 2136 εἰσ
1275 2097 1342 2146 τὴν
1366 2100 1395 2134 Ε
1489 2098 1695 2137 *ἔσπευδεν
1719 2101 1876 2136 LAMW

250 2158 410 2207 *καινὴν
434 2160 480 2194 W
552 2163 571 2193 6
597 2161 811 2206 *στρατιᾶσ
836 2151 954 2194 οὖσαν
979 2159 1023 2191 tr.
1043 2156 1082 2191 M
1173 2158 1410 2204 *στρατειάσ
1434 2157 1463 2191 F
1535 2161 1552 2191 7
1581 2157 1662 2203 *δὶ,]
1687 2154 1762 2205 γὰρ
1786 2157 1920 2201 AMW,

250 2229 319 2254 om.
344 2217 415 2252 Lat
439 2217 477 2253 δὲ
503 2216 584 2252 coni
676 2213 716 2260 δὴ
743 2216 882 2251 τοῦτον
905 2216 950 2249 tr.
976 2212 1008 2247 E
1102 2214 1195 2250 *καὶ
1220 2224 1289 2249 om.
1316 2213 1468 2248 LAMW
1563 2217 1580 2248 S
1606 2210 1806 2260 ἡγεμόνων
1829 2213 1922 2249 redit

249 2297 294 2339 V,
319 2296 364 2332 cf.
382 2307 416 2341 p.
436 2299 500 2331 210
518 2306 553 2330 u.
574 2298 591 2328 ’a‘
696 2295 830 2340 κοίλησ
854 2294 884 2328 L
947 2261 1091 2330 δεδιώτα
1115 2293 1161 2328 W
1255 2289 1324 2329 τὸν
1347 2296 1583 2337 πτολεμαῖον
1606 2292 1729 2326 AMW
1816 2296 1857 2327 10
1882 2291 1922 2330 δὲ

250 2355 356 2390 LME
381 2358 417 2390 et
441 2364 484 2389 ex
509 2363 599 2388 corr.
625 2354 657 2386 A
727 2347 748 2397 ἢ
774 2362 842 2387 om.
868 2351 900 2385 E
994 2347 1088 2396 *τὴν
1112 2360 1179 2386 om.
1205 2348 1276 2384 LM
1356 2353 1392 2384 Η
1423 2345 1536 2386 *σῦκ’
1563 2349 1590 2383 Ρ
1661 2346 1920 2394 ’προσεδόκω

253 2426 276 2448 α
302 2412 325 2445 i.
344 2421 413 2446 ras.
439 2410 478 2444 M
572 2405 878 2456 προκεχώρηκεν]
905 2406 1235 2454 προκεχωρηκέναι
1263 2406 1309 2439 W
1332 2403 1550 2452 κεχώρηκεν
1574 2405 1604 2439 Ε
1631 2406 1820 2451 (aeqyptii)
1843 2415 1921 2440 sus-

252 2469 429 2514 cepissent
453 2466 524 2501 Lat
547 2466 569 2501 i.
597 2475 626 2501 e.
653 2461 975 2511 προσκεχώρηκεν
1093 2465 1131 2497 12
1157 2459 1248 2505 άπὸ]
1273 2461 1315 2498 ἐκ
1339 2461 1560 2496 FLAMWE
1681 2466 1720 2497 14
1746 2463 1920 2508 *χιμιῦνα

252 2525 280 2559 Ρ
352 2523 535 2570 διέτριβεν
551 2522 741 2557 FAMWE
834 2521 872 2558 δὲ
897 2520 1083 2555 LAMWE
1179 2523 1218 2555 15
1243 2516 1426 2565 λαμβάνει
1453 2516 1495 2554 ἐκ
1520 2519 1751 2564 πολιορκίασ
1774 2522 1818 2552 tr.
1843 2517 1875 2552 V

256 2584 296 2615 16
314 2581 350 2617 δὲ
368 2579 525 2615 AMWE
596 2575 689 2624 αὐτῆ
705 2577 928 2613 LAMVWE
999 2573 1292 2624 προσελθόντοσ
1315 2574 1567 2609 FLAMVWE
1579 2574 1650 2608 Lat
1720 2572 1827 2617 ἅξιοσ
1844 2573 1876 2608 Ε

256 2641 294 2673 17
321 2640 384 2673 καὶ
409 2633 610 2679 α’ξιοῦντοσ
634 2632 837 2682 ἐπαρήγειν
861 2637 945 2679 post
968 2627 1014 2679 ἦν
1038 2633 1120 2668 add.
1146 2633 1176 2667 E
1247 2629 1498 2668 πεπονθότοσ
1523 2631 1586 2665 FV
1611 2631 1824 2667 πεπονθότι
1844 2631 1875 2665 Ε

254 2694 290 2730 δὲ
317 2694 349 2728 Ε
422 2695 461 2728 18
489 2690 750 2737 εὐποροῦντοσ
771 2691 836 2726 FV
860 2687 1086 2737 εὐποροῦντι
1110 2689 1142 2724 Ε
1240 2693 1277 2723 19
1304 2683 1418 2734 αὐτὴν
1442 2687 1536 2723 PFV
1561 2683 1677 2732 αι’·τῆσ
1703 2687 1748 2721 W
1817 2685 1923 2723 ἐπελ-

254 2753 403 2786 θοῦσαν
418 2750 451 2784 V
523 2751 564 2783 20
589 2744 655 2785 ἐπ’
672 2768 715 2773 -
732 2749 920 2792 κείμενον]
949 2753 1020 2781 tam
1044 2746 1214 2793 optimam
1237 2744 1498 2781 multitudinem
1516 2743 1727 2778 iudaeorum
1745 2744 1815 2778 sibi
1828 2744 1922 2779 subi-

256 2817 335 2841 cere
360 2806 430 2841 Lat
499 2804 560 2841 ἐπὶ
577 2805 608 2839 V
680 2803 733 2840 ἑνὶ
758 2800 865 2849 ἀνδρὶ
890 2806 934 2839 tr.
959 2803 992 2839 V
1062 2801 1115 2840 ἑνὶ
1141 2813 1207 2838 om.
1226 2802 1266 2846 P,
1291 2806 1388 2837 recte
1405 2801 1435 2837 si
1459 2799 1519 2837 ἐπὶ.
1547 2796 1674 2845 τάνδρὶ
1700 2800 1879 2836 scribetur

256 2888 445 2923 τοσοῦτον
463 2885 491 2919 F
511 2863 707 2921 τοσοῦτιῧν
720 2884 751 2918 V
814 2883 991 2919 ἰουδαίων
1010 2878 1170 2930 ιῖγαθῶν
1186 2876 1353 2928 (ἀγαθὸν
1365 2881 1475 2921 A1w)
1489 2885 1532 2915 tr.
1549 2879 1702 2914 LAMW
1766 2883 1804 2915 21
1822 2893 1925 2917 συνε-

254 2940 409 2990 βούλευε
437 2945 506 2981 (-εν
530 2940 722 2983 F¹LA¹W>
748 2940 1002 2975 FLAMVWE
1082 2936 1273 2976 *τούτουσ
1290 2938 1336 2973 W
1413 2933 1595 2974 mlx-arria
1621 2936 1654 2971 E
1722 2936 1794 2982 ἐιἸ
1820 2937 1877 2974 εἰσ
1893 2935 1921 2972 F

1950 900 1988 934 10

1952 1240 1988 1274 15

1951 1579 1989 1613 20
