<?xml version="1.0" encoding="UTF-8"?>
<!DOCTYPE html PUBLIC "-//W3C//DTD XHTML 1.0 Transitional//EN"
    "http://www.w3.org/TR/xhtml1/DTD/xhtml1-transitional.dtd">
<html xmlns="http://www.w3.org/1999/xhtml" xml:lang="en" lang="en">
 <head>
  <title>
</title>
<meta http-equiv="Content-Type" content="text/html;charset=utf-8" />
  <meta name='ocr-system' content='tesseract 3.04.00' />
  <meta name='ocr-capabilities' content='ocr_page ocr_carea ocr_par ocr_line ocrx_word'/>
</head>
<body>
  <div class='ocr_page' id='page_1' title='image "./operajosephus03joseuoft_0200.png"; bbox 0 0 2107 3377; ppageno 0'>
   <div class='ocr_carea' id='block_1_1' title="bbox 282 175 1567 220">
    <p class='ocr_par' dir='ltr' id='par_1_1' title="bbox 282 175 1567 220">
     <span class='ocr_line' id='line_1_1' title="bbox 282 175 1567 220; baseline -0.002 -7"><span class='ocrx_word' id='word_1_1' title='bbox 282 175 361 213; x_wconf 81' lang='lat'><strong><em>128</em></strong></span> <span class='ocrx_word' id='word_1_2' title='bbox 660 176 823 220; x_wconf 77' lang='lat' dir='ltr'><strong>ANTIQ.</strong></span> <span class='ocrx_word' id='word_1_3' title='bbox 849 176 945 212; x_wconf 90' lang='lat' dir='ltr'><strong>IUD.</strong></span> <span class='ocrx_word' id='word_1_4' title='bbox 971 176 1042 211; x_wconf 88' lang='lat' dir='ltr'><strong><em>XII</em></strong></span> <span class='ocrx_word' id='word_1_5' title='bbox 1067 178 1245 213; x_wconf 75' lang='lat'><strong>321-327</strong></span> <span class='ocrx_word' id='word_1_6' title='bbox 1271 181 1343 219; x_wconf 76' lang='lat' dir='ltr'><strong>(vn.</strong></span> <span class='ocrx_word' id='word_1_7' title='bbox 1358 186 1385 212; x_wconf 85' lang='lat'><strong><em>6.</em></strong></span> <span class='ocrx_word' id='word_1_8' title='bbox 1403 184 1430 210; x_wconf 82' lang='lat'><strong><em>7.</em></strong></span> <span class='ocrx_word' id='word_1_9' title='bbox 1448 182 1519 210; x_wconf 80' lang='lat' dir='ltr'><strong>vul.</strong></span> <span class='ocrx_word' id='word_1_10' title='bbox 1538 181 1567 219; x_wconf 85' lang='lat'><strong><em>1)</em></strong></span> 
     </span>
    </p>
   </div>
   <div class='ocr_carea' id='block_1_2' title="bbox 166 287 2016 1910">
    <p class='ocr_par' dir='ltr' id='par_1_2' title="bbox 280 287 1955 350">
     <span class='ocr_line' id='line_1_2' title="bbox 280 287 1955 350; baseline 0.001 -17"><span class='ocrx_word' id='word_1_11' title='bbox 280 291 354 333; x_wconf 88' lang='grc' dir='ltr'><strong><em>καὶ</em></strong></span> <span class='ocrx_word' id='word_1_12' title='bbox 375 292 715 346; x_wconf 74' lang='grc' dir='ltr'><strong><em>τεσσαρακοστῷ</em></strong></span> <span class='ocrx_word' id='word_1_13' title='bbox 735 292 809 333; x_wconf 88' lang='grc' dir='ltr'><strong><em>καὶ</em></strong></span> <span class='ocrx_word' id='word_1_14' title='bbox 831 289 1053 346; x_wconf 74' lang='grc' dir='ltr'><strong><em>ἑκατοστῷ</em></strong></span> <span class='ocrx_word' id='word_1_15' title='bbox 1075 290 1164 334; x_wconf 75' lang='grc' dir='ltr'><strong><em>ἔτει</em></strong></span> <span class='ocrx_word' id='word_1_16' title='bbox 1184 287 1434 346; x_wconf 78' lang='grc' dir='ltr'><em>ὀλυμπιάδι</em></span> <span class='ocrx_word' id='word_1_17' title='bbox 1465 290 1679 348; x_wconf 77' lang='grc' dir='ltr'><strong><em>ἑκατοστῇ</em></strong></span> <span class='ocrx_word' id='word_1_18' title='bbox 1700 293 1771 334; x_wconf 86' lang='grc' dir='ltr'><strong><em>καὶ</em></strong></span> <span class='ocrx_word' id='word_1_19' title='bbox 1795 308 1955 350; x_wconf 86' lang='grc' dir='ltr'><strong><em>πεντη-</em></strong></span> 
     </span>
    </p>

    <p class='ocr_par' dir='ltr' id='par_1_3' title="bbox 167 353 1954 550">
     <span class='ocr_line' id='line_1_3' title="bbox 167 353 1954 416; baseline 0.001 -15"><span class='ocrx_word' id='word_1_20' title='bbox 167 361 249 401; x_wconf 82' lang='lat'><strong><em>322</em></strong></span> <span class='ocrx_word' id='word_1_21' title='bbox 280 360 414 414; x_wconf 80' lang='grc' dir='ltr'><strong><em>κοστῇ</em></strong></span> <span class='ocrx_word' id='word_1_22' title='bbox 456 359 530 401; x_wconf 85' lang='grc' dir='ltr'><strong><em>καὶ</em></strong></span> <span class='ocrx_word' id='word_1_23' title='bbox 569 358 769 415; x_wconf 68' lang='grc' dir='ltr'><strong><em>τετάρτῃ.</em></strong></span> <span class='ocrx_word' id='word_1_24' title='bbox 829 357 908 413; x_wconf 83' lang='grc' dir='ltr'><strong><em>τὴν</em></strong></span> <span class='ocrx_word' id='word_1_25' title='bbox 950 353 992 400; x_wconf 70' lang='grc' dir='ltr'><strong><em>δ’</em></strong></span> <span class='ocrx_word' id='word_1_26' title='bbox 1020 356 1240 414; x_wconf 74' lang='grc' dir='ltr'><strong><em>ἐρήμωσιν</em></strong></span> <span class='ocrx_word' id='word_1_27' title='bbox 1279 361 1358 402; x_wconf 71' lang='grc' dir='ltr'><strong><em>τοῦ</em></strong></span> <span class='ocrx_word' id='word_1_28' title='bbox 1399 361 1507 402; x_wconf 80' lang='grc' dir='ltr'><strong><em>ναοῦ</em></strong></span> <span class='ocrx_word' id='word_1_29' title='bbox 1550 362 1706 416; x_wconf 85' lang='grc' dir='ltr'><strong><em>συνέβη</em></strong></span> <span class='ocrx_word' id='word_1_30' title='bbox 1743 363 1954 415; x_wconf 86' lang='grc' dir='ltr'><strong><em>γενέσθαι</em></strong></span> 
     </span>
     <span class='ocr_line' id='line_1_4' title="bbox 280 422 1954 483; baseline 0.002 -15"><span class='ocrx_word' id='word_1_31' title='bbox 280 425 392 469; x_wconf 81' lang='grc' dir='ltr'><strong><em>κατὰ</em></strong></span> <span class='ocrx_word' id='word_1_32' title='bbox 423 425 502 481; x_wconf 80' lang='grc' dir='ltr'><strong><em>τὴν</em></strong></span> <span class='ocrx_word' id='word_1_33' title='bbox 522 425 749 483; x_wconf 76' lang='grc' dir='ltr'><strong><em>Δανιήλου</em></strong></span> <span class='ocrx_word' id='word_1_34' title='bbox 779 430 1060 483; x_wconf 80' lang='grc' dir='ltr'><strong><em>προφητείαν</em></strong></span> <span class='ocrx_word' id='word_1_35' title='bbox 1090 426 1178 482; x_wconf 85' lang='grc' dir='ltr'><strong><em>πρὸ</em></strong></span> <span class='ocrx_word' id='word_1_36' title='bbox 1212 431 1506 482; x_wconf 82' lang='grc' dir='ltr'><strong><em>τετρακοσίων</em></strong></span> <span class='ocrx_word' id='word_1_37' title='bbox 1536 427 1608 469; x_wconf 81' lang='grc' dir='ltr'><strong><em>καὶ</em></strong></span> <span class='ocrx_word' id='word_1_38' title='bbox 1632 422 1744 469; x_wconf 82' lang='grc' dir='ltr'><strong><em>ὀκτώ</em></strong></span> <span class='ocrx_word' id='word_1_39' title='bbox 1775 431 1954 483; x_wconf 85' lang='grc' dir='ltr'><strong><em>γενομέ-</em></strong></span> 
     </span>
     <span class='ocr_line' id='line_1_5' title="bbox 280 488 1817 550; baseline 0.001 -14"><span class='ocrx_word' id='word_1_40' title='bbox 280 511 356 549; x_wconf 89' lang='grc' dir='ltr'><strong><em>νην</em></strong></span> <span class='ocrx_word' id='word_1_41' title='bbox 388 493 517 536; x_wconf 75' lang='grc' dir='ltr'><strong><em>ἐτῶν·</em></strong></span> <span class='ocrx_word' id='word_1_42' title='bbox 551 492 770 550; x_wconf 75' lang='grc' dir='ltr'><strong><em>ἐδήλωσεν</em></strong></span> <span class='ocrx_word' id='word_1_43' title='bbox 799 493 896 549; x_wconf 88' lang='grc' dir='ltr'><strong><em>γάρ,</em></strong></span> <span class='ocrx_word' id='word_1_44' title='bbox 928 488 997 537; x_wconf 74' lang='grc' dir='ltr'><strong><em>ὅτι</em></strong></span> <span class='ocrx_word' id='word_1_45' title='bbox 1028 493 1288 544; x_wconf 78' lang='grc' dir='ltr'><strong><em>Μακεδόνες</em></strong></span> <span class='ocrx_word' id='word_1_46' title='bbox 1317 493 1639 537; x_wconf 68' lang='grc' dir='ltr'><strong><em>καταλύσουσιν</em></strong></span> <span class='ocrx_word' id='word_1_47' title='bbox 1672 490 1817 538; x_wconf 67' lang='grc' dir='ltr'><strong><em>αὐτόν.</em></strong></span> 
     </span>
    </p>

    <p class='ocr_par' dir='ltr' id='par_1_4' title="bbox 168 557 1957 822">
     <span class='ocr_line' id='line_1_6' title="bbox 168 557 1954 620; baseline -0.001 -13"><span class='ocrx_word' id='word_1_48' title='bbox 168 567 248 607; x_wconf 82' lang='lat'><strong><em>323</em></strong></span> <span class='ocrx_word' id='word_1_49' title='bbox 398 566 435 605; x_wconf 92' lang='lat'><strong><em>7.</em></strong></span> <span class='ocrx_word' id='word_1_50' title='bbox 464 559 675 618; x_wconf 79' lang='grc' dir='ltr'><strong><em>Ἑώρταζε</em></strong></span> <span class='ocrx_word' id='word_1_51' title='bbox 706 559 796 605; x_wconf 80' lang='grc' dir='ltr'><strong><em>δὲὸ</em></strong></span> <span class='ocrx_word' id='word_1_52' title='bbox 825 557 991 614; x_wconf 78' lang='grc' dir='ltr'><strong><em>Ἰούδας</em></strong></span> <span class='ocrx_word' id='word_1_53' title='bbox 1022 562 1133 617; x_wconf 82' lang='grc' dir='ltr'><strong><em>μετὰ</em></strong></span> <span class='ocrx_word' id='word_1_54' title='bbox 1153 564 1241 604; x_wconf 79' lang='grc' dir='ltr'><strong><em>τῶν</em></strong></span> <span class='ocrx_word' id='word_1_55' title='bbox 1273 562 1470 604; x_wconf 79' lang='grc' dir='ltr'><strong><em>πολιτῶν</em></strong></span> <span class='ocrx_word' id='word_1_56' title='bbox 1499 560 1579 619; x_wconf 74' lang='grc' dir='ltr'><strong><em>τὴν</em></strong></span> <span class='ocrx_word' id='word_1_57' title='bbox 1610 557 1848 620; x_wconf 72' lang='grc' dir='ltr'><strong><em>ἀνάκτησιν</em></strong></span> <span class='ocrx_word' id='word_1_58' title='bbox 1876 565 1954 619; x_wconf 80' lang='grc' dir='ltr'><strong><em>τῆς</em></strong></span> 
     </span>
     <span class='ocr_line' id='line_1_7' title="bbox 282 626 1956 689; baseline 0.001 -17"><span class='ocrx_word' id='word_1_59' title='bbox 282 633 386 685; x_wconf 80' lang='grc' dir='ltr'><strong><em>περὶ</em></strong></span> <span class='ocrx_word' id='word_1_60' title='bbox 426 630 504 674; x_wconf 85' lang='grc' dir='ltr'><strong><em>τὸν</em></strong></span> <span class='ocrx_word' id='word_1_61' title='bbox 544 629 650 673; x_wconf 84' lang='grc' dir='ltr'><strong><em>ναὸν</em></strong></span> <span class='ocrx_word' id='word_1_62' title='bbox 689 633 858 681; x_wconf 78' lang='grc' dir='ltr'><strong><em>θυσίας</em></strong></span> <span class='ocrx_word' id='word_1_63' title='bbox 898 626 971 688; x_wconf 73' lang='grc' dir='ltr'><strong><em>ἐφ’</em></strong></span> <span class='ocrx_word' id='word_1_64' title='bbox 1008 627 1173 687; x_wconf 84' lang='grc' dir='ltr'><strong><em>ἡμέρας</em></strong></span> <span class='ocrx_word' id='word_1_65' title='bbox 1212 626 1325 673; x_wconf 75' lang='grc' dir='ltr'><strong><em>ὀκτώ</em></strong></span> <span class='ocrx_word' id='word_1_66' title='bbox 1357 629 1492 685; x_wconf 76' lang='grc' dir='ltr'><strong><em>μηδὲν</em></strong></span> <span class='ocrx_word' id='word_1_67' title='bbox 1524 626 1766 673; x_wconf 79' lang='grc' dir='ltr'><strong><em>ἀπολιπών</em></strong></span> <span class='ocrx_word' id='word_1_68' title='bbox 1795 627 1956 689; x_wconf 85' lang='grc' dir='ltr'><strong><em>ἡδονῆς</em></strong></span> 
     </span>
     <span class='ocr_line' id='line_1_8' title="bbox 282 694 1957 754; baseline 0.001 -13"><span class='ocrx_word' id='word_1_69' title='bbox 282 696 412 751; x_wconf 78' lang='grc' dir='ltr'><strong><em>εἶδος,</em></strong></span> <span class='ocrx_word' id='word_1_70' title='bbox 446 694 559 740; x_wconf 77' lang='grc' dir='ltr'><strong><em>ἀλλὰ</em></strong></span> <span class='ocrx_word' id='word_1_71' title='bbox 590 698 854 742; x_wconf 78' lang='grc' dir='ltr'><strong><em>πολυτελέσι</em></strong></span> <span class='ocrx_word' id='word_1_72' title='bbox 883 699 964 753; x_wconf 81' lang='grc' dir='ltr'><strong><em>μὲν</em></strong></span> <span class='ocrx_word' id='word_1_73' title='bbox 992 700 1065 741; x_wconf 84' lang='grc' dir='ltr'><strong><em>καὶ</em></strong></span> <span class='ocrx_word' id='word_1_74' title='bbox 1099 699 1326 754; x_wconf 75' lang='grc' dir='ltr'><strong><em>λαμπραῖς</em></strong></span> <span class='ocrx_word' id='word_1_75' title='bbox 1356 706 1454 746; x_wconf 90' lang='grc' dir='ltr'><strong><em>ταῖς</em></strong></span> <span class='ocrx_word' id='word_1_76' title='bbox 1485 700 1671 748; x_wconf 77' lang='grc' dir='ltr'><strong><em>θυσίαις</em></strong></span> <span class='ocrx_word' id='word_1_77' title='bbox 1700 701 1957 753; x_wconf 79' lang='grc' dir='ltr'><strong><em>κατευωχῶν</em></strong></span> 
     </span>
     <span class='ocr_line' id='line_1_9' title="bbox 282 761 1957 822; baseline 0.001 -13"><span class='ocrx_word' id='word_1_78' title='bbox 282 762 462 820; x_wconf 79' lang='grc' dir='ltr'><strong><em>αύτούς,</em></strong></span> <span class='ocrx_word' id='word_1_79' title='bbox 503 761 656 820; x_wconf 66' lang='grc' dir='ltr'><strong><em>ἵμνοις</em></strong></span> <span class='ocrx_word' id='word_1_80' title='bbox 695 765 742 808; x_wconf 85' lang='grc' dir='ltr'><strong><em>δὲ</em></strong></span> <span class='ocrx_word' id='word_1_81' title='bbox 780 769 853 810; x_wconf 88' lang='grc' dir='ltr'><strong><em>καὶ</em></strong></span> <span class='ocrx_word' id='word_1_82' title='bbox 892 768 1091 822; x_wconf 81' lang='grc' dir='ltr'><strong><em>ψαλμοῖς</em></strong></span> <span class='ocrx_word' id='word_1_83' title='bbox 1128 765 1206 808; x_wconf 84' lang='grc' dir='ltr'><strong><em>τὸν</em></strong></span> <span class='ocrx_word' id='word_1_84' title='bbox 1245 765 1325 819; x_wconf 82' lang='grc' dir='ltr'><strong><em>μὲν</em></strong></span> <span class='ocrx_word' id='word_1_85' title='bbox 1373 763 1484 808; x_wconf 87' lang='grc' dir='ltr'><strong><em>θεὸν</em></strong></span> <span class='ocrx_word' id='word_1_86' title='bbox 1524 767 1665 818; x_wconf 79' lang='grc' dir='ltr'><strong><em>τιμῶν</em></strong></span> <span class='ocrx_word' id='word_1_87' title='bbox 1706 761 1864 817; x_wconf 75' lang='grc' dir='ltr'><strong><em>αὐτοὺς</em></strong></span> <span class='ocrx_word' id='word_1_88' title='bbox 1909 766 1957 810; x_wconf 84' lang='grc' dir='ltr'><strong><em>δὲ</em></strong></span> 
     </span>
    </p>

    <p class='ocr_par' dir='ltr' id='par_1_5' title="bbox 166 828 1956 1028">
     <span class='ocr_line' id='line_1_10' title="bbox 166 828 1956 891; baseline -0.001 -11"><span class='ocrx_word' id='word_1_89' title='bbox 166 840 250 880; x_wconf 82' lang='lat'><strong><em>324</em></strong></span> <span class='ocrx_word' id='word_1_90' title='bbox 279 837 470 889; x_wconf 83' lang='grc' dir='ltr'><strong><em>τέρπων.</em></strong></span> <span class='ocrx_word' id='word_1_91' title='bbox 530 833 722 890; x_wconf 80' lang='grc' dir='ltr'><strong><em>τοσαύτῃ</em></strong></span> <span class='ocrx_word' id='word_1_92' title='bbox 756 829 799 876; x_wconf 76' lang='grc' dir='ltr'><strong><em>δ’</em></strong></span> <span class='ocrx_word' id='word_1_93' title='bbox 836 832 1073 891; x_wconf 80' lang='grc' dir='ltr'><strong><em>ἐχρήσαντο</em></strong></span> <span class='ocrx_word' id='word_1_94' title='bbox 1114 835 1168 890; x_wconf 78' lang='grc' dir='ltr'><strong><em>τῇ</em></strong></span> <span class='ocrx_word' id='word_1_95' title='bbox 1199 834 1303 887; x_wconf 86' lang='grc' dir='ltr'><strong><em>περὶ</em></strong></span> <span class='ocrx_word' id='word_1_96' title='bbox 1334 831 1412 888; x_wconf 86' lang='grc' dir='ltr'><strong><em>τὴν</em></strong></span> <span class='ocrx_word' id='word_1_97' title='bbox 1445 828 1688 876; x_wconf 78' lang='grc' dir='ltr'><strong><em>ἀνανέωσιν</em></strong></span> <span class='ocrx_word' id='word_1_98' title='bbox 1717 835 1804 876; x_wconf 81' lang='grc' dir='ltr'><strong><em>τῶν</em></strong></span> <span class='ocrx_word' id='word_1_99' title='bbox 1835 833 1956 878; x_wconf 77' lang='grc' dir='ltr'><strong><em>ἐθῶν</em></strong></span> 
     </span>
     <span class='ocr_line' id='line_1_11' title="bbox 281 898 1955 960; baseline 0.001 -16"><span class='ocrx_word' id='word_1_100' title='bbox 281 898 419 959; x_wconf 81' lang='grc' dir='ltr'><strong><em>ἡδονῇ</em></strong></span> <span class='ocrx_word' id='word_1_101' title='bbox 448 900 561 955; x_wconf 78' lang='grc' dir='ltr'><strong><em>μετὰ</em></strong></span> <span class='ocrx_word' id='word_1_102' title='bbox 587 901 746 957; x_wconf 85' lang='grc' dir='ltr'><strong><em>χρόνον</em></strong></span> <span class='ocrx_word' id='word_1_103' title='bbox 777 901 920 945; x_wconf 76' lang='grc' dir='ltr'><strong><em>πολὺν</em></strong></span> <span class='ocrx_word' id='word_1_104' title='bbox 953 899 1298 959; x_wconf 77' lang='grc' dir='ltr'><strong><em>ἀπροσδοκήτως</em></strong></span> <span class='ocrx_word' id='word_1_105' title='bbox 1329 900 1373 943; x_wconf 82' lang='grc' dir='ltr'><strong><em>ἐν</em></strong></span> <span class='ocrx_word' id='word_1_106' title='bbox 1406 899 1584 958; x_wconf 74' lang='grc' dir='ltr'><strong><em>ἐξουσίᾳ</em></strong></span> <span class='ocrx_word' id='word_1_107' title='bbox 1620 900 1848 956; x_wconf 87' lang='grc' dir='ltr'><strong><em>γενόμενοι</em></strong></span> <span class='ocrx_word' id='word_1_108' title='bbox 1876 903 1955 960; x_wconf 85' lang='grc' dir='ltr'><strong><em>τῆς</em></strong></span> 
     </span>
     <span class='ocr_line' id='line_1_12' title="bbox 279 965 1956 1028; baseline -0.001 -15"><span class='ocrx_word' id='word_1_109' title='bbox 279 974 538 1028; x_wconf 75' lang='grc' dir='ltr'><strong><em>θρησκείας,</em></strong></span> <span class='ocrx_word' id='word_1_110' title='bbox 571 967 631 1021; x_wconf 82' lang='grc' dir='ltr'><strong><em>ὦς</em></strong></span> <span class='ocrx_word' id='word_1_111' title='bbox 661 970 796 1024; x_wconf 88' lang='grc' dir='ltr'><strong><em>νόμον</em></strong></span> <span class='ocrx_word' id='word_1_112' title='bbox 825 974 979 1013; x_wconf 89' lang='grc' dir='ltr'><strong><em>θεῖναι</em></strong></span> <span class='ocrx_word' id='word_1_113' title='bbox 1009 978 1104 1020; x_wconf 89' lang='grc' dir='ltr'><strong><em>τοῖς</em></strong></span> <span class='ocrx_word' id='word_1_114' title='bbox 1135 966 1234 1024; x_wconf 73' lang='grc' dir='ltr'><strong><em>μετ’</em></strong></span> <span class='ocrx_word' id='word_1_115' title='bbox 1272 965 1430 1019; x_wconf 70' lang='grc' dir='ltr'><strong><em>αύτούς</em></strong></span> <span class='ocrx_word' id='word_1_116' title='bbox 1469 968 1692 1023; x_wconf 80' lang='grc' dir='ltr'><strong><em>ἑορτάζειν</em></strong></span> <span class='ocrx_word' id='word_1_117' title='bbox 1728 968 1807 1025; x_wconf 80' lang='grc' dir='ltr'><strong><em>τὴν</em></strong></span> <span class='ocrx_word' id='word_1_118' title='bbox 1848 965 1956 1012; x_wconf 81' lang='grc' dir='ltr'><strong><em>ἀνά-</em></strong></span> 
     </span>
    </p>

    <p class='ocr_par' dir='ltr' id='par_1_6' title="bbox 166 1033 1957 1231">
     <span class='ocr_line' id='line_1_13' title="bbox 166 1033 1956 1096; baseline -0.001 -13"><span class='ocrx_word' id='word_1_119' title='bbox 166 1044 250 1083; x_wconf 83' lang='grc'><strong><em>325</em></strong></span> <span class='ocrx_word' id='word_1_120' title='bbox 281 1054 434 1096; x_wconf 88' lang='grc' dir='ltr'><strong><em>κτησιν</em></strong></span> <span class='ocrx_word' id='word_1_121' title='bbox 464 1040 552 1080; x_wconf 78' lang='grc' dir='ltr'><strong><em>τῶν</em></strong></span> <span class='ocrx_word' id='word_1_122' title='bbox 584 1040 688 1092; x_wconf 84' lang='grc' dir='ltr'><strong><em>περὶ</em></strong></span> <span class='ocrx_word' id='word_1_123' title='bbox 719 1037 797 1081; x_wconf 88' lang='grc' dir='ltr'><strong><em>τὸν</em></strong></span> <span class='ocrx_word' id='word_1_124' title='bbox 828 1037 934 1081; x_wconf 83' lang='grc' dir='ltr'><strong><em>ναὸν</em></strong></span> <span class='ocrx_word' id='word_1_125' title='bbox 969 1033 1043 1094; x_wconf 69' lang='grc' dir='ltr'><strong><em>ἐφ’</em></strong></span> <span class='ocrx_word' id='word_1_126' title='bbox 1068 1035 1235 1093; x_wconf 83' lang='grc' dir='ltr'><strong><em>ἡμέρας</em></strong></span> <span class='ocrx_word' id='word_1_127' title='bbox 1266 1035 1393 1080; x_wconf 79' lang='grc' dir='ltr'><strong><em>ὀκτώ.</em></strong></span> <span class='ocrx_word' id='word_1_128' title='bbox 1454 1038 1526 1080; x_wconf 86' lang='grc' dir='ltr'><strong><em>καὶ</em></strong></span> <span class='ocrx_word' id='word_1_129' title='bbox 1560 1035 1607 1088; x_wconf 79' lang='grc' dir='ltr'><strong><em>ἐξ</em></strong></span> <span class='ocrx_word' id='word_1_130' title='bbox 1636 1036 1800 1080; x_wconf 78' lang='grc' dir='ltr'><strong><em>ἐκείνου</em></strong></span> <span class='ocrx_word' id='word_1_131' title='bbox 1831 1040 1956 1093; x_wconf 88' lang='grc' dir='ltr'><strong><em>μέχρι</em></strong></span> 
     </span>
     <span class='ocr_line' id='line_1_14' title="bbox 279 1100 1951 1163; baseline -0.001 -13"><span class='ocrx_word' id='word_1_132' title='bbox 279 1109 359 1150; x_wconf 80' lang='grc' dir='ltr'><strong><em>τοῦ</em></strong></span> <span class='ocrx_word' id='word_1_133' title='bbox 390 1107 518 1163; x_wconf 79' lang='grc' dir='ltr'><strong><em>δεῦρο</em></strong></span> <span class='ocrx_word' id='word_1_134' title='bbox 548 1105 627 1162; x_wconf 82' lang='grc' dir='ltr'><strong><em>τὴν</em></strong></span> <span class='ocrx_word' id='word_1_135' title='bbox 658 1105 813 1163; x_wconf 80' lang='grc' dir='ltr'><strong><em>ἑορτὴν</em></strong></span> <span class='ocrx_word' id='word_1_136' title='bbox 845 1103 1005 1162; x_wconf 74' lang='grc' dir='ltr'><strong><em>ἄγομεν</em></strong></span> <span class='ocrx_word' id='word_1_137' title='bbox 1044 1107 1281 1156; x_wconf 81' lang='grc' dir='ltr'><strong><em>καλοῦντες</em></strong></span> <span class='ocrx_word' id='word_1_138' title='bbox 1320 1100 1456 1162; x_wconf 69' lang='grc' dir='ltr'><strong><em>αὐτὴν</em></strong></span> <span class='ocrx_word' id='word_1_139' title='bbox 1495 1107 1626 1162; x_wconf 82' lang='grc' dir='ltr'><strong><em>φῶτα</em></strong></span> <span class='ocrx_word' id='word_1_140' title='bbox 1657 1103 1702 1147; x_wconf 81' lang='grc' dir='ltr'><strong><em>ἐκ</em></strong></span> <span class='ocrx_word' id='word_1_141' title='bbox 1730 1107 1809 1148; x_wconf 82' lang='grc' dir='ltr'><strong><em>τοῦ</em></strong></span> <span class='ocrx_word' id='word_1_142' title='bbox 1839 1101 1951 1162; x_wconf 71' lang='grc' dir='ltr'><strong><em>παρ’</em></strong></span> 
     </span>
     <span class='ocr_line' id='line_1_15' title="bbox 283 1171 1957 1231; baseline 0 -13"><span class='ocrx_word' id='word_1_143' title='bbox 283 1175 469 1226; x_wconf 79' lang='grc' dir='ltr'><strong><em>ἐλπίδας</em></strong></span> <span class='ocrx_word' id='word_1_144' title='bbox 501 1172 628 1229; x_wconf 81' lang='grc' dir='ltr'><strong><em>οἶμαι</em></strong></span> <span class='ocrx_word' id='word_1_145' title='bbox 658 1174 819 1231; x_wconf 81' lang='grc' dir='ltr'><strong><em>ταύτην</em></strong></span> <span class='ocrx_word' id='word_1_146' title='bbox 850 1171 955 1229; x_wconf 80' lang='grc' dir='ltr'><strong><em>ἡμῖν</em></strong></span> <span class='ocrx_word' id='word_1_147' title='bbox 987 1175 1182 1231; x_wconf 80' lang='grc' dir='ltr'><strong><em>φανῆναι</em></strong></span> <span class='ocrx_word' id='word_1_148' title='bbox 1212 1172 1290 1228; x_wconf 78' lang='grc' dir='ltr'><strong><em>τὴν</em></strong></span> <span class='ocrx_word' id='word_1_149' title='bbox 1323 1172 1526 1224; x_wconf 78' lang='grc' dir='ltr'><strong><em>ἐξουσίαν</em></strong></span> <span class='ocrx_word' id='word_1_150' title='bbox 1554 1172 1633 1230; x_wconf 69' lang='grc' dir='ltr'><strong><em>τὴν</em></strong></span> <span class='ocrx_word' id='word_1_151' title='bbox 1655 1178 1957 1231; x_wconf 79' lang='grc' dir='ltr'><strong><em>προσηγορίαν</em></strong></span> 
     </span>
    </p>

    <p class='ocr_par' dir='ltr' id='par_1_7' title="bbox 167 1237 2015 1574">
     <span class='ocr_line' id='line_1_16' title="bbox 167 1237 2015 1300; baseline -0.002 -12"><span class='ocrx_word' id='word_1_152' title='bbox 167 1248 249 1289; x_wconf 85' lang='grc'><strong><em>326</em></strong></span> <span class='ocrx_word' id='word_1_153' title='bbox 281 1247 468 1298; x_wconf 81' lang='grc' dir='ltr'><strong><em>θέμενοι</em></strong></span> <span class='ocrx_word' id='word_1_154' title='bbox 497 1245 553 1300; x_wconf 78' lang='grc' dir='ltr'><strong><em>τῇ</em></strong></span> <span class='ocrx_word' id='word_1_155' title='bbox 584 1242 727 1299; x_wconf 79' lang='grc' dir='ltr'><strong><em>ἑορτῇ.</em></strong></span> <span class='ocrx_word' id='word_1_156' title='bbox 786 1246 983 1296; x_wconf 86' lang='grc' dir='ltr'><strong><em>τειχίσας</em></strong></span> <span class='ocrx_word' id='word_1_157' title='bbox 1025 1237 1066 1283; x_wconf 75' lang='grc' dir='ltr'><strong><em>δ’</em></strong></span> <span class='ocrx_word' id='word_1_158' title='bbox 1113 1240 1156 1284; x_wconf 83' lang='grc' dir='ltr'><strong><em>ἐν</em></strong></span> <span class='ocrx_word' id='word_1_159' title='bbox 1187 1240 1327 1297; x_wconf 79' lang='grc' dir='ltr'><strong><em>κύκλῳ</em></strong></span> <span class='ocrx_word' id='word_1_160' title='bbox 1357 1240 1436 1296; x_wconf 81' lang='grc' dir='ltr'><strong><em>τὴν</em></strong></span> <span class='ocrx_word' id='word_1_161' title='bbox 1465 1240 1600 1284; x_wconf 81' lang='grc' dir='ltr'><strong><em>πόλιν</em></strong></span> <span class='ocrx_word' id='word_1_162' title='bbox 1629 1242 1702 1284; x_wconf 83' lang='grc' dir='ltr'><strong><em>καὶ</em></strong></span> <span class='ocrx_word' id='word_1_163' title='bbox 1732 1241 1848 1297; x_wconf 84' lang='grc' dir='ltr'><strong><em>πρὸς</em></strong></span> <span class='ocrx_word' id='word_1_164' title='bbox 1878 1242 1959 1294; x_wconf 82' lang='grc' dir='ltr'><strong><em>τὰς</em></strong></span> <span class='ocrx_word' id='word_1_165' title='bbox 1987 1241 2015 1278; x_wconf 62' lang='grc'><strong><em>1’</em></strong></span> 
     </span>
     <span class='ocr_line' id='line_1_17' title="bbox 282 1303 1957 1368; baseline -0.001 -13"><span class='ocrx_word' id='word_1_166' title='bbox 282 1303 528 1367; x_wconf 76' lang='grc' dir='ltr'><strong><em>ἐπιδρομὰς</em></strong></span> <span class='ocrx_word' id='word_1_167' title='bbox 558 1314 645 1354; x_wconf 84' lang='grc' dir='ltr'><strong><em>τῶν</em></strong></span> <span class='ocrx_word' id='word_1_168' title='bbox 677 1312 906 1365; x_wconf 87' lang='grc' dir='ltr'><strong><em>πολεμίων</em></strong></span> <span class='ocrx_word' id='word_1_169' title='bbox 937 1310 1130 1366; x_wconf 75' lang='grc' dir='ltr'><strong><em>πύργους</em></strong></span> <span class='ocrx_word' id='word_1_170' title='bbox 1152 1308 1554 1366; x_wconf 82' lang='grc' dir='ltr'><strong><em>οἰκοδομησάμενος</em></strong></span> <span class='ocrx_word' id='word_1_171' title='bbox 1583 1306 1784 1366; x_wconf 65' lang='grc' dir='ltr'><strong><em>ὑψηλοὺς</em></strong></span> <span class='ocrx_word' id='word_1_172' title='bbox 1814 1309 1957 1368; x_wconf 84' lang='grc' dir='ltr'><strong><em>φύλα-</em></strong></span> 
     </span>
     <span class='ocr_line' id='line_1_18' title="bbox 279 1372 1956 1436; baseline -0.001 -13"><span class='ocrx_word' id='word_1_173' title='bbox 279 1397 358 1431; x_wconf 89' lang='grc' dir='ltr'><strong><em>κας</em></strong></span> <span class='ocrx_word' id='word_1_174' title='bbox 389 1379 434 1423; x_wconf 83' lang='grc' dir='ltr'><strong><em>ἐν</em></strong></span> <span class='ocrx_word' id='word_1_175' title='bbox 466 1375 618 1431; x_wconf 74' lang='grc' dir='ltr'><strong><em>αὐτοῖς</em></strong></span> <span class='ocrx_word' id='word_1_176' title='bbox 639 1380 973 1436; x_wconf 70' lang='grc' dir='ltr'><strong><em>ἐγκατέστησεν,</em></strong></span> <span class='ocrx_word' id='word_1_177' title='bbox 995 1379 1068 1420; x_wconf 85' lang='grc' dir='ltr'><strong><em>καὶ</em></strong></span> <span class='ocrx_word' id='word_1_178' title='bbox 1089 1375 1168 1435; x_wconf 87' lang='grc' dir='ltr'><strong><em>τὴν</em></strong></span> <span class='ocrx_word' id='word_1_179' title='bbox 1190 1372 1456 1432; x_wconf 79' lang='grc' dir='ltr'><strong><em>Βεθσούραν</em></strong></span> <span class='ocrx_word' id='word_1_180' title='bbox 1478 1376 1525 1420; x_wconf 84' lang='grc' dir='ltr'><strong><em>δὲ</em></strong></span> <span class='ocrx_word' id='word_1_181' title='bbox 1546 1376 1682 1420; x_wconf 91' lang='grc' dir='ltr'><strong><em>πόλιν</em></strong></span> <span class='ocrx_word' id='word_1_182' title='bbox 1712 1373 1956 1434; x_wconf 81' lang='grc' dir='ltr'><strong><em>ὠχύρωσεν,</em></strong></span> 
     </span>
     <span class='ocr_line' id='line_1_19' title="bbox 281 1441 1958 1505; baseline -0.001 -14"><span class='ocrx_word' id='word_1_183' title='bbox 281 1445 405 1500; x_wconf 67' lang='grc' dir='ltr'><strong><em>ὅπως</em></strong></span> <span class='ocrx_word' id='word_1_184' title='bbox 447 1444 543 1491; x_wconf 79' lang='grc' dir='ltr'><strong><em>ἀντὶ</em></strong></span> <span class='ocrx_word' id='word_1_185' title='bbox 585 1451 802 1505; x_wconf 86' lang='grc' dir='ltr'><strong><em>φρουρίου</em></strong></span> <span class='ocrx_word' id='word_1_186' title='bbox 844 1443 953 1503; x_wconf 69' lang='grc' dir='ltr'><strong><em>αὐτῇ</em></strong></span> <span class='ocrx_word' id='word_1_187' title='bbox 992 1445 1108 1501; x_wconf 86' lang='grc' dir='ltr'><strong><em>πρὸς</em></strong></span> <span class='ocrx_word' id='word_1_188' title='bbox 1145 1444 1226 1496; x_wconf 82' lang='grc' dir='ltr'><strong><em>τὰς</em></strong></span> <span class='ocrx_word' id='word_1_189' title='bbox 1266 1441 1356 1488; x_wconf 82' lang='grc' dir='ltr'><strong><em>άπὸ</em></strong></span> <span class='ocrx_word' id='word_1_190' title='bbox 1389 1446 1477 1488; x_wconf 80' lang='grc' dir='ltr'><strong><em>τῶν</em></strong></span> <span class='ocrx_word' id='word_1_191' title='bbox 1508 1446 1737 1499; x_wconf 87' lang='grc' dir='ltr'><strong><em>πολεμίων</em></strong></span> <span class='ocrx_word' id='word_1_192' title='bbox 1769 1441 1958 1502; x_wconf 80' lang='grc' dir='ltr'><strong><em>ἀνάγκας</em></strong></span> 
     </span>
     <span class='ocr_line' id='line_1_20' title="bbox 281 1517 594 1574; baseline 0.006 -2"><span class='ocrx_word' id='word_1_193' title='bbox 281 1517 352 1574; x_wconf 67' lang='grc' dir='ltr'><strong><em>ἔχῃ</em></strong></span> <span class='ocrx_word' id='word_1_194' title='bbox 380 1519 594 1574; x_wconf 72' lang='grc' dir='ltr'><strong><em>χρῆσθαι·</em></strong></span> 
     </span>
    </p>

    <p class='ocr_par' dir='ltr' id='par_1_8' title="bbox 167 1579 2016 1776">
     <span class='ocr_line' id='line_1_21' title="bbox 167 1579 2016 1639; baseline -0.003 -9"><span class='ocrx_word' id='word_1_195' title='bbox 167 1590 248 1632; x_wconf 83' lang='grc'><strong><em>327</em></strong></span> <span class='ocrx_word' id='word_1_196' title='bbox 396 1586 510 1628; x_wconf 91' lang='lat' dir='ltr'><strong>VIII.</strong></span> <span class='ocrx_word' id='word_1_197' title='bbox 547 1590 583 1628; x_wconf 87' lang='lat'><strong><em>1.</em></strong></span> <span class='ocrx_word' id='word_1_198' title='bbox 629 1583 807 1627; x_wconf 85' lang='grc' dir='ltr'><strong><em>Τούτων</em></strong></span> <span class='ocrx_word' id='word_1_199' title='bbox 849 1582 989 1633; x_wconf 77' lang='grc' dir='ltr'><strong><em>οὕτως</em></strong></span> <span class='ocrx_word' id='word_1_200' title='bbox 1026 1584 1270 1638; x_wconf 89' lang='grc' dir='ltr'><strong><em>γενομένων</em></strong></span> <span class='ocrx_word' id='word_1_201' title='bbox 1310 1579 1365 1623; x_wconf 77' lang='grc' dir='ltr'><strong><em>τὰ</em></strong></span> <span class='ocrx_word' id='word_1_202' title='bbox 1405 1581 1539 1636; x_wconf 82' lang='grc' dir='ltr'><strong><em>πέριξ</em></strong></span> <span class='ocrx_word' id='word_1_203' title='bbox 1575 1580 1685 1638; x_wconf 72' lang='grc' dir='ltr'><strong><em>ἔθνη</em></strong></span> <span class='ocrx_word' id='word_1_204' title='bbox 1727 1581 1842 1637; x_wconf 87' lang='grc' dir='ltr'><strong><em>πρὸς</em></strong></span> <span class='ocrx_word' id='word_1_205' title='bbox 1880 1581 1957 1639; x_wconf 79' lang='grc' dir='ltr'><strong><em>τὴν</em></strong></span> <span class='ocrx_word' id='word_1_206' title='bbox 2010 1622 2016 1628; x_wconf 80' lang='grc'>,</span> 
     </span>
     <span class='ocr_line' id='line_1_22' title="bbox 284 1645 1958 1710; baseline -0.001 -15"><span class='ocrx_word' id='word_1_207' title='bbox 284 1649 624 1710; x_wconf 74' lang='grc' dir='ltr'><strong><em>ἀναζωπύρησιν</em></strong></span> <span class='ocrx_word' id='word_1_208' title='bbox 662 1654 736 1695; x_wconf 84' lang='grc' dir='ltr'><strong><em>καὶ</em></strong></span> <span class='ocrx_word' id='word_1_209' title='bbox 775 1650 853 1707; x_wconf 81' lang='grc' dir='ltr'><strong><em>τὴν</em></strong></span> <span class='ocrx_word' id='word_1_210' title='bbox 895 1649 1016 1704; x_wconf 68' lang='grc' dir='ltr'><strong><em>ἰσχὺν</em></strong></span> <span class='ocrx_word' id='word_1_211' title='bbox 1053 1652 1142 1692; x_wconf 81' lang='grc' dir='ltr'><strong><em>τῶν</em></strong></span> <span class='ocrx_word' id='word_1_212' title='bbox 1181 1645 1408 1693; x_wconf 82' lang='grc' dir='ltr'><strong><em>Ἰουδαίων</em></strong></span> <span class='ocrx_word' id='word_1_213' title='bbox 1448 1650 1657 1702; x_wconf 76' lang='grc' dir='ltr'><strong><em>χαλεπαῖς</em></strong></span> <span class='ocrx_word' id='word_1_214' title='bbox 1703 1649 1958 1705; x_wconf 83' lang='grc' dir='ltr'><strong><em>διακείμενα</em></strong></span> 
     </span>
     <span class='ocr_line' id='line_1_23' title="bbox 283 1713 1957 1776; baseline -0.001 -14"><span class='ocrx_word' id='word_1_215' title='bbox 283 1719 478 1771; x_wconf 80' lang='grc' dir='ltr'><strong><em>πολλοὺς</em></strong></span> <span class='ocrx_word' id='word_1_216' title='bbox 509 1719 886 1774; x_wconf 74' lang='grc' dir='ltr'><strong><em>ἐπισυνιστάμενα</em></strong></span> <span class='ocrx_word' id='word_1_217' title='bbox 917 1719 1177 1776; x_wconf 85' lang='grc' dir='ltr'><strong><em>διέφθειρεν</em></strong></span> <span class='ocrx_word' id='word_1_218' title='bbox 1199 1717 1395 1773; x_wconf 79' lang='grc' dir='ltr'><strong><em>ἐνέδραις</em></strong></span> <span class='ocrx_word' id='word_1_219' title='bbox 1425 1718 1496 1760; x_wconf 82' lang='grc' dir='ltr'><strong><em>καὶ</em></strong></span> <span class='ocrx_word' id='word_1_220' title='bbox 1524 1716 1784 1771; x_wconf 74' lang='grc' dir='ltr'><strong><em>ἐπιβουλαῖς</em></strong></span> <span class='ocrx_word' id='word_1_221' title='bbox 1814 1713 1957 1761; x_wconf 70' lang='grc' dir='ltr'><strong><em>αὐτῶν</em></strong></span> 
     </span>
    </p>

    <p class='ocr_par' dir='ltr' id='par_1_9' title="bbox 283 1782 1955 1846">
     <span class='ocr_line' id='line_1_24' title="bbox 283 1782 1955 1846; baseline -0.002 -14"><span class='ocrx_word' id='word_1_222' title='bbox 283 1788 466 1846; x_wconf 71' lang='grc' dir='ltr'><strong><em>ἐγκρατῆ</em></strong></span> <span class='ocrx_word' id='word_1_223' title='bbox 504 1789 752 1844; x_wconf 84' lang='grc' dir='ltr'><strong><em>γιγνόμενα.</em></strong></span> <span class='ocrx_word' id='word_1_224' title='bbox 821 1786 936 1842; x_wconf 86' lang='grc' dir='ltr'><strong><em>πρὸς</em></strong></span> <span class='ocrx_word' id='word_1_225' title='bbox 982 1786 1165 1836; x_wconf 80' lang='grc' dir='ltr'><strong><em>τούτους</em></strong></span> <span class='ocrx_word' id='word_1_226' title='bbox 1205 1787 1428 1839; x_wconf 76' lang='grc' dir='ltr'><strong><em>πολέμους</em></strong></span> <span class='ocrx_word' id='word_1_227' title='bbox 1467 1794 1658 1838; x_wconf 88' lang='grc' dir='ltr'><strong><em>συνεχεῖς</em></strong></span> <span class='ocrx_word' id='word_1_228' title='bbox 1697 1784 1893 1842; x_wconf 79' lang='grc' dir='ltr'><strong><em>ἐκφέρων</em></strong></span> <span class='ocrx_word' id='word_1_229' title='bbox 1932 1782 1955 1829; x_wconf 81' lang='grc' dir='ltr'><em>ὃ</em></span> 
     </span>
    </p>

    <p class='ocr_par' dir='ltr' id='par_1_10' title="bbox 277 1848 1958 1910">
     <span class='ocr_line' id='line_1_25' title="bbox 277 1848 1958 1910; baseline -0.002 -9"><span class='ocrx_word' id='word_1_230' title='bbox 277 1853 444 1907; x_wconf 80' lang='grc' dir='ltr'><strong><em>Ἰούδας</em></strong></span> <span class='ocrx_word' id='word_1_231' title='bbox 475 1855 647 1910; x_wconf 82' lang='grc' dir='ltr'><strong><em>ἐπέχειν</em></strong></span> <span class='ocrx_word' id='word_1_232' title='bbox 678 1851 838 1905; x_wconf 67' lang='grc' dir='ltr'><strong><em>αὐτοὺς</em></strong></span> <span class='ocrx_word' id='word_1_233' title='bbox 868 1857 946 1910; x_wconf 65' lang='grc' dir='ltr'><strong><em>τῆς</em></strong></span> <span class='ocrx_word' id='word_1_234' title='bbox 974 1854 1254 1909; x_wconf 71' lang='grc' dir='ltr'><strong><em>καταδρομῆς</em></strong></span> <span class='ocrx_word' id='word_1_235' title='bbox 1275 1854 1345 1895; x_wconf 82' lang='grc' dir='ltr'><strong><em>καὶ</em></strong></span> <span class='ocrx_word' id='word_1_236' title='bbox 1380 1848 1440 1894; x_wconf 73' lang='grc' dir='ltr'><strong><em>ὦν</em></strong></span> <span class='ocrx_word' id='word_1_237' title='bbox 1473 1851 1654 1896; x_wconf 79' lang='grc' dir='ltr'><strong><em>ἐποίουν</em></strong></span> <span class='ocrx_word' id='word_1_238' title='bbox 1684 1855 1826 1903; x_wconf 83' lang='grc' dir='ltr'><strong><em>κακῶς</em></strong></span> <span class='ocrx_word' id='word_1_239' title='bbox 1855 1852 1958 1903; x_wconf 66' lang='grc' dir='ltr'><strong><em>τοῦς</em></strong></span> 
     </span>
    </p>
   </div>
   <div class='ocr_carea' id='block_1_3' title="bbox 397 2001 914 2049">
    <p class='ocr_par' dir='ltr' id='par_1_11' title="bbox 397 2001 914 2049">
     <span class='ocr_line' id='line_1_26' title="bbox 397 2001 914 2049; baseline -0.006 -11"><span class='ocrx_word' id='word_1_240' title='bbox 397 2006 417 2049; x_wconf 64' lang='grc' dir='ltr'>ξ</span> <span class='ocrx_word' id='word_1_241' title='bbox 443 2006 506 2038; x_wconf 83' lang='grc'><strong><em>321</em></strong></span> <span class='ocrx_word' id='word_1_242' title='bbox 535 2020 577 2032; x_wconf 93' lang='lat'><strong>=</strong></span> <span class='ocrx_word' id='word_1_243' title='bbox 608 2006 635 2038; x_wconf 91' lang='grc'><strong><em>1.</em></strong></span> <span class='ocrx_word' id='word_1_244' title='bbox 654 2002 772 2037; x_wconf 86' lang='lat' dir='ltr'>Maec.</span> <span class='ocrx_word' id='word_1_245' title='bbox 792 2001 841 2036; x_wconf 95' lang='lat' dir='ltr'><strong><em>IV</em></strong></span> <span class='ocrx_word' id='word_1_246' title='bbox 861 2003 914 2036; x_wconf 78' lang='lat'><strong><em>52.</em></strong></span> 
     </span>
    </p>
   </div>
   <div class='ocr_carea' id='block_1_4' title="bbox 281 2137 1956 2355">
    <p class='ocr_par' dir='ltr' id='par_1_12' title="bbox 395 2137 1141 2181">
     <span class='ocr_line' id='line_1_27' title="bbox 395 2137 1141 2181; baseline -0.004 -7"><span class='ocrx_word' id='word_1_247' title='bbox 395 2139 681 2175; x_wconf 87' lang='lat' dir='ltr'>PFLAMVWE</span> <span class='ocrx_word' id='word_1_248' title='bbox 691 2139 761 2174; x_wconf 78' lang='lat' dir='ltr'><strong><em>Lat</em></strong></span> <span class='ocrx_word' id='word_1_249' title='bbox 774 2139 933 2174; x_wconf 83' lang='lat' dir='ltr'>Zonaras</span> <span class='ocrx_word' id='word_1_250' title='bbox 959 2137 975 2172; x_wconf 96' lang='lat' dir='ltr'><strong>I</strong></span> <span class='ocrx_word' id='word_1_251' title='bbox 1001 2149 1035 2181; x_wconf 80' lang='lat' dir='ltr'><strong><em>p.</em></strong></span> <span class='ocrx_word' id='word_1_252' title='bbox 1064 2141 1141 2172; x_wconf 74' lang='lat'><strong>370.</strong></span> 
     </span>
    </p>

    <p class='ocr_par' dir='ltr' id='par_1_13' title="bbox 281 2191 1956 2355">
     <span class='ocr_line' id='line_1_28' title="bbox 400 2191 1956 2242; baseline -0.003 -12"><span class='ocrx_word' id='word_1_253' title='bbox 400 2200 411 2230; x_wconf 84' lang='lat'>1</span> <span class='ocrx_word' id='word_1_254' title='bbox 441 2197 736 2242; x_wconf 75' lang='grc' dir='ltr'><strong><em>τεσσερακοστιῦ</em></strong></span> <span class='ocrx_word' id='word_1_255' title='bbox 759 2195 792 2228; x_wconf 91' lang='grc' dir='ltr'><strong>Α</strong></span> <span class='ocrx_word' id='word_1_256' title='bbox 921 2197 985 2230; x_wconf 80' lang='grc' dir='ltr'><strong><em>καὶ</em></strong></span> <span class='ocrx_word' id='word_1_257' title='bbox 1010 2191 1208 2230; x_wconf 71' lang='grc' dir='ltr'><strong><em>ἑκατοστιῦ</em></strong></span> <span class='ocrx_word' id='word_1_258' title='bbox 1231 2196 1295 2230; x_wconf 84' lang='grc' dir='ltr'><strong><em>καὶ</em></strong></span> <span class='ocrx_word' id='word_1_259' title='bbox 1320 2193 1620 2239; x_wconf 83' lang='grc' dir='ltr'><strong><em>τεσσαρακοστῶ</em></strong></span> <span class='ocrx_word' id='word_1_260' title='bbox 1646 2195 1691 2227; x_wconf 89' lang='lat' dir='ltr'><strong><em>tr.</em></strong></span> <span class='ocrx_word' id='word_1_261' title='bbox 1716 2191 1779 2227; x_wconf 91' lang='lat' dir='ltr'><strong><em>FL</em></strong></span> <span class='ocrx_word' id='word_1_262' title='bbox 1894 2196 1956 2231; x_wconf 76' lang='grc' dir='ltr'><strong><em>καὶ</em></strong></span> 
     </span>
     <span class='ocr_line' id='line_1_29' title="bbox 281 2248 1953 2301; baseline -0.002 -10"><span class='ocrx_word' id='word_1_263' title='bbox 281 2256 520 2301; x_wconf 83' lang='grc' dir='ltr'><strong><em>πεντηκοστῇ</em></strong></span> <span class='ocrx_word' id='word_1_264' title='bbox 545 2263 615 2288; x_wconf 91' lang='lat' dir='ltr'><strong><em>om.</em></strong></span> <span class='ocrx_word' id='word_1_265' title='bbox 640 2252 668 2287; x_wconf 93' lang='lat' dir='ltr'>P</span> <span class='ocrx_word' id='word_1_266' title='bbox 763 2253 1000 2298; x_wconf 82' lang='grc' dir='ltr'><strong><em>πεντηκοστῆ</em></strong></span> <span class='ocrx_word' id='word_1_267' title='bbox 1025 2248 1187 2298; x_wconf 83' lang='grc' dir='ltr'><strong><em>τετάρτη</em></strong></span> <span class='ocrx_word' id='word_1_268' title='bbox 1211 2249 1241 2284; x_wconf 93' lang='lat' dir='ltr'>L</span> <span class='ocrx_word' id='word_1_269' title='bbox 1335 2251 1354 2284; x_wconf 89' lang='lat'><strong>2</strong></span> <span class='ocrx_word' id='word_1_270' title='bbox 1380 2249 1417 2287; x_wconf 80' lang='grc' dir='ltr'><strong><em>δὲ</em></strong></span> <span class='ocrx_word' id='word_1_271' title='bbox 1443 2248 1524 2284; x_wconf 87' lang='lat' dir='ltr'><strong><em>WE</em></strong></span> <span class='ocrx_word' id='word_1_272' title='bbox 1629 2248 1777 2296; x_wconf 79' lang='grc' dir='ltr'><strong><em>συνέβει</em></strong></span> <span class='ocrx_word' id='word_1_273' title='bbox 1803 2249 1831 2284; x_wconf 87' lang='lat' dir='ltr'>P</span> <span class='ocrx_word' id='word_1_274' title='bbox 1856 2250 1953 2288; x_wconf 74' lang='grc' dir='ltr'><strong><em>συνέ-</em></strong></span> 
     </span>
     <span class='ocr_line' id='line_1_30' title="bbox 281 2301 1912 2355; baseline -0.002 -8"><span class='ocrx_word' id='word_1_275' title='bbox 281 2323 374 2348; x_wconf 85' lang='grc' dir='ltr'><strong><em>πεσε</em></strong></span> <span class='ocrx_word' id='word_1_276' title='bbox 392 2311 424 2346; x_wconf 94' lang='grc' dir='ltr'>Ε</span> <span class='ocrx_word' id='word_1_277' title='bbox 495 2314 514 2343; x_wconf 79' lang='lat'><strong>3</strong></span> <span class='ocrx_word' id='word_1_278' title='bbox 539 2306 760 2355; x_wconf 80' lang='grc' dir='ltr'><strong><em>*Δανιήλου]</em></strong></span> <span class='ocrx_word' id='word_1_279' title='bbox 787 2309 861 2344; x_wconf 86' lang='lat' dir='ltr'><strong>uid.</strong></span> <span class='ocrx_word' id='word_1_280' title='bbox 878 2308 912 2343; x_wconf 85' lang='lat' dir='ltr'>X</span> <span class='ocrx_word' id='word_1_281' title='bbox 931 2311 1007 2351; x_wconf 75' lang='lat'>271,</span> <span class='ocrx_word' id='word_1_282' title='bbox 1027 2311 1090 2342; x_wconf 76' lang='lat'><strong><em>275</em></strong></span> <span class='ocrx_word' id='word_1_283' title='bbox 1163 2311 1182 2342; x_wconf 88' lang='grc'><strong>5</strong></span> <span class='ocrx_word' id='word_1_284' title='bbox 1207 2305 1419 2354; x_wconf 75' lang='grc' dir='ltr'><strong><em>*ἑόρταζεν</em></strong></span> <span class='ocrx_word' id='word_1_285' title='bbox 1435 2305 1495 2340; x_wconf 91' lang='lat' dir='ltr'><strong><em>PL</em></strong></span> <span class='ocrx_word' id='word_1_286' title='bbox 1566 2301 1610 2342; x_wconf 81' lang='grc' dir='ltr'><strong><em>*ὁ</em></strong></span> <span class='ocrx_word' id='word_1_287' title='bbox 1629 2315 1699 2341; x_wconf 88' lang='lat' dir='ltr'><strong><em>om.</em></strong></span> <span class='ocrx_word' id='word_1_288' title='bbox 1725 2305 1912 2343; x_wconf 88' lang='lat' dir='ltr'>LAMVW</span> 
     </span>
    </p>
   </div>
   <div class='ocr_carea' id='block_1_5' title="bbox 336 2091 1010 2095">
    <p class='ocr_par' dir='ltr' id='par_1_14' title="bbox 336 2091 1010 2095">
     <span class='ocr_line' id='line_1_31' title="bbox 336 2091 1010 2095; baseline 0 0"><span class='ocrx_word' id='word_1_289' title='bbox 336 2091 1010 2095; x_wconf 95' lang='lat' dir='ltr'><strong><em> </em></strong></span> 
     </span>
    </p>
   </div>
   <div class='ocr_carea' id='block_1_6' title="bbox 280 2369 1958 2994">
    <p class='ocr_par' dir='ltr' id='par_1_15' title="bbox 280 2369 1958 2660">
     <span class='ocr_line' id='line_1_32' title="bbox 281 2369 1911 2437; baseline -0.004 -10"><span class='ocrx_word' id='word_1_290' title='bbox 281 2388 375 2437; x_wconf 81' lang='grc' dir='ltr'><strong><em>*τὴν</em></strong></span> <span class='ocrx_word' id='word_1_291' title='bbox 400 2401 468 2426; x_wconf 90' lang='lat' dir='ltr'><strong><em>om.</em></strong></span> <span class='ocrx_word' id='word_1_292' title='bbox 494 2389 558 2424; x_wconf 88' lang='lat' dir='ltr'><strong><em>FV</em></strong></span> <span class='ocrx_word' id='word_1_293' title='bbox 628 2369 836 2436; x_wconf 65' lang='grc' dir='ltr'><strong><em>α’νάκτῆσιν</em></strong></span> <span class='ocrx_word' id='word_1_294' title='bbox 861 2388 940 2424; x_wconf 89' lang='lat' dir='ltr'>eod.</span> <span class='ocrx_word' id='word_1_295' title='bbox 967 2388 1077 2422; x_wconf 85' lang='lat' dir='ltr'>Busb.</span> <span class='ocrx_word' id='word_1_296' title='bbox 1104 2387 1137 2422; x_wconf 89' lang='lat' dir='ltr'><strong>E</strong></span> <span class='ocrx_word' id='word_1_297' title='bbox 1207 2390 1226 2421; x_wconf 84' lang='lat'><strong>6</strong></span> <span class='ocrx_word' id='word_1_298' title='bbox 1252 2382 1474 2424; x_wconf 67' lang='grc' dir='ltr'><strong><em>ἀπολειπὼν</em></strong></span> <span class='ocrx_word' id='word_1_299' title='bbox 1497 2386 1526 2421; x_wconf 88' lang='grc' dir='ltr'>Ρ</span> <span class='ocrx_word' id='word_1_300' title='bbox 1598 2389 1616 2422; x_wconf 86' lang='lat' dir='ltr'>S</span> <span class='ocrx_word' id='word_1_301' title='bbox 1641 2386 1711 2431; x_wconf 78' lang='grc' dir='ltr'><strong><em>μὲν</em></strong></span> <span class='ocrx_word' id='word_1_302' title='bbox 1734 2397 1804 2423; x_wconf 89' lang='lat' dir='ltr'><strong><em>om.</em></strong></span> <span class='ocrx_word' id='word_1_303' title='bbox 1832 2385 1911 2421; x_wconf 81' lang='lat' dir='ltr'><strong><em>WE</em></strong></span> 
     </span>
     <span class='ocr_line' id='line_1_33' title="bbox 282 2439 1958 2490; baseline -0.001 -8"><span class='ocrx_word' id='word_1_304' title='bbox 282 2450 413 2490; x_wconf 82' lang='grc' dir='ltr'><strong><em>τιμῶν]</em></strong></span> <span class='ocrx_word' id='word_1_305' title='bbox 438 2445 578 2490; x_wconf 77' lang='grc' dir='ltr'><strong><em>ἐτίμων</em></strong></span> <span class='ocrx_word' id='word_1_306' title='bbox 603 2445 866 2481; x_wconf 78' lang='lat' dir='ltr'><strong><em>PLAMWLat</em></strong></span> <span class='ocrx_word' id='word_1_307' title='bbox 889 2443 998 2489; x_wconf 80' lang='grc' dir='ltr'><strong><em>ἐτίμα</em></strong></span> <span class='ocrx_word' id='word_1_308' title='bbox 1025 2444 1057 2478; x_wconf 98' lang='grc' dir='ltr'>Ε</span> <span class='ocrx_word' id='word_1_309' title='bbox 1150 2443 1189 2481; x_wconf 76' lang='grc' dir='ltr'><strong><em>δὲ</em></strong></span> <span class='ocrx_word' id='word_1_310' title='bbox 1213 2443 1376 2488; x_wconf 84' lang='grc' dir='ltr'><strong><em>τέρπων]</em></strong></span> <span class='ocrx_word' id='word_1_311' title='bbox 1402 2439 1438 2479; x_wconf 71' lang='grc' dir='ltr'><strong><em>δ’</em></strong></span> <span class='ocrx_word' id='word_1_312' title='bbox 1455 2440 1620 2489; x_wconf 77' lang='grc' dir='ltr'><strong><em>ἔτερπον</em></strong></span> <span class='ocrx_word' id='word_1_313' title='bbox 1643 2446 1677 2486; x_wconf 91' lang='grc' dir='ltr'><strong><em>(ο</em></strong></span> <span class='ocrx_word' id='word_1_314' title='bbox 1696 2453 1741 2479; x_wconf 80' lang='lat' dir='ltr'><strong><em>ex</em></strong></span> <span class='ocrx_word' id='word_1_315' title='bbox 1758 2458 1788 2480; x_wconf 93' lang='grc' dir='ltr'><strong><em>ω</em></strong></span> <span class='ocrx_word' id='word_1_316' title='bbox 1806 2453 1899 2478; x_wconf 87' lang='lat' dir='ltr'>corr.</span> <span class='ocrx_word' id='word_1_317' title='bbox 1912 2441 1958 2481; x_wconf 88' lang='lat' dir='ltr'><strong><em>L)</em></strong></span> 
     </span>
     <span class='ocr_line' id='line_1_34' title="bbox 282 2496 1958 2548; baseline -0.001 -10"><span class='ocrx_word' id='word_1_318' title='bbox 282 2503 540 2538; x_wconf 84' lang='lat' dir='ltr'><strong><em>PLAMWLat</em></strong></span> <span class='ocrx_word' id='word_1_319' title='bbox 564 2500 700 2548; x_wconf 74' lang='grc' dir='ltr'><strong><em>ἔτερπε</em></strong></span> <span class='ocrx_word' id='word_1_320' title='bbox 725 2502 758 2538; x_wconf 90' lang='grc' dir='ltr'>Ε</span> <span class='ocrx_word' id='word_1_321' title='bbox 845 2506 864 2537; x_wconf 82' lang='grc'><strong>9</strong></span> <span class='ocrx_word' id='word_1_322' title='bbox 890 2502 928 2539; x_wconf 78' lang='grc' dir='ltr'><strong><em>δὲ</em></strong></span> <span class='ocrx_word' id='word_1_323' title='bbox 951 2501 1075 2536; x_wconf 86' lang='lat' dir='ltr'><strong><em>AMW</em></strong></span> <span class='ocrx_word' id='word_1_324' title='bbox 1159 2497 1348 2548; x_wconf 81' lang='grc' dir='ltr'><strong><em>ἐχρήσατο</em></strong></span> <span class='ocrx_word' id='word_1_325' title='bbox 1375 2501 1421 2534; x_wconf 90' lang='lat' dir='ltr'>W</span> <span class='ocrx_word' id='word_1_326' title='bbox 1500 2502 1545 2546; x_wconf 83' lang='grc' dir='ltr'><strong><em>τῇ</em></strong></span> <span class='ocrx_word' id='word_1_327' title='bbox 1569 2511 1637 2535; x_wconf 90' lang='lat' dir='ltr'><strong><em>om.</em></strong></span> <span class='ocrx_word' id='word_1_328' title='bbox 1661 2499 1692 2535; x_wconf 93' lang='lat' dir='ltr'>L</span> <span class='ocrx_word' id='word_1_329' title='bbox 1778 2503 1814 2534; x_wconf 85' lang='lat'><strong><em>10</em></strong></span> <span class='ocrx_word' id='word_1_330' title='bbox 1839 2496 1958 2536; x_wconf 79' lang='grc' dir='ltr'><strong><em>πολὺν</em></strong></span> 
     </span>
     <span class='ocr_line' id='line_1_35' title="bbox 280 2553 1956 2606; baseline -0.003 -11"><span class='ocrx_word' id='word_1_331' title='bbox 280 2557 427 2606; x_wconf 80' lang='grc' dir='ltr'><strong><em>χρόνον</em></strong></span> <span class='ocrx_word' id='word_1_332' title='bbox 451 2566 495 2595; x_wconf 89' lang='lat' dir='ltr'><strong><em>tr.</em></strong></span> <span class='ocrx_word' id='word_1_333' title='bbox 521 2559 643 2594; x_wconf 92' lang='lat' dir='ltr'><strong><em>AMW</em></strong></span> <span class='ocrx_word' id='word_1_334' title='bbox 764 2562 801 2594; x_wconf 85' lang='grc'><strong><em>11</em></strong></span> <span class='ocrx_word' id='word_1_335' title='bbox 829 2562 921 2602; x_wconf 87' lang='grc' dir='ltr'><strong><em>τοῖς]</em></strong></span> <span class='ocrx_word' id='word_1_336' title='bbox 947 2555 1041 2595; x_wconf 83' lang='grc' dir='ltr'><strong><em>τοὺσ</em></strong></span> <span class='ocrx_word' id='word_1_337' title='bbox 1065 2557 1180 2593; x_wconf 90' lang='lat' dir='ltr'><strong><em>LWE</em></strong></span> <span class='ocrx_word' id='word_1_338' title='bbox 1296 2553 1418 2602; x_wconf 73' lang='grc' dir='ltr'><strong><em>*μεθ’</em></strong></span> <span class='ocrx_word' id='word_1_339' title='bbox 1438 2553 1579 2594; x_wconf 79' lang='grc' dir='ltr'><strong><em>αὑτοὺσ</em></strong></span> <span class='ocrx_word' id='word_1_340' title='bbox 1603 2560 1635 2599; x_wconf 85' lang='grc' dir='ltr'><strong><em>(ε</em></strong></span> <span class='ocrx_word' id='word_1_341' title='bbox 1659 2566 1703 2592; x_wconf 84' lang='lat' dir='ltr'><strong><em>ex</em></strong></span> <span class='ocrx_word' id='word_1_342' title='bbox 1727 2568 1769 2593; x_wconf 83' lang='grc' dir='ltr'><strong><em>ετ</em></strong></span> <span class='ocrx_word' id='word_1_343' title='bbox 1793 2565 1886 2591; x_wconf 90' lang='lat' dir='ltr'>corr.</span> <span class='ocrx_word' id='word_1_344' title='bbox 1911 2555 1956 2596; x_wconf 92' lang='lat' dir='ltr'><strong><em>L)</em></strong></span> 
     </span>
     <span class='ocr_line' id='line_1_36' title="bbox 282 2610 1868 2660; baseline -0.001 -10"><span class='ocrx_word' id='word_1_345' title='bbox 282 2616 437 2651; x_wconf 79' lang='lat' dir='ltr'><strong><em>LAMW</em></strong></span> <span class='ocrx_word' id='word_1_346' title='bbox 537 2619 578 2651; x_wconf 81' lang='lat'><strong><em>12</em></strong></span> <span class='ocrx_word' id='word_1_347' title='bbox 604 2615 681 2660; x_wconf 80' lang='grc' dir='ltr'>*ἐξ1</span> <span class='ocrx_word' id='word_1_348' title='bbox 707 2619 738 2653; x_wconf 80' lang='grc' dir='ltr'><strong><em>δι</em></strong></span> <span class='ocrx_word' id='word_1_349' title='bbox 764 2616 794 2651; x_wconf 92' lang='lat' dir='ltr'>L</span> <span class='ocrx_word' id='word_1_350' title='bbox 913 2618 952 2650; x_wconf 90' lang='lat'><strong><em>13</em></strong></span> <span class='ocrx_word' id='word_1_351' title='bbox 977 2618 1046 2652; x_wconf 87' lang='grc' dir='ltr'><strong><em>τοῦ</em></strong></span> <span class='ocrx_word' id='word_1_352' title='bbox 1071 2625 1139 2650; x_wconf 89' lang='lat' dir='ltr'><strong><em>om.</em></strong></span> <span class='ocrx_word' id='word_1_353' title='bbox 1165 2614 1264 2650; x_wconf 84' lang='lat' dir='ltr'><strong><em>FVE</em></strong></span> <span class='ocrx_word' id='word_1_354' title='bbox 1290 2617 1358 2650; x_wconf 89' lang='grc' dir='ltr'><strong><em>τοῦ</em></strong></span> <span class='ocrx_word' id='word_1_355' title='bbox 1384 2616 1449 2650; x_wconf 85' lang='grc' dir='ltr'><strong><em>νῦν</em></strong></span> <span class='ocrx_word' id='word_1_356' title='bbox 1473 2614 1520 2648; x_wconf 90' lang='lat' dir='ltr'>W</span> <span class='ocrx_word' id='word_1_357' title='bbox 1635 2610 1816 2660; x_wconf 76' lang='grc' dir='ltr'><strong><em>*ἄγωμεν</em></strong></span> <span class='ocrx_word' id='word_1_358' title='bbox 1840 2613 1868 2648; x_wconf 88' lang='grc' dir='ltr'>Ρ</span> 
     </span>
    </p>

    <p class='ocr_par' dir='ltr' id='par_1_16' title="bbox 280 2667 1956 2994">
     <span class='ocr_line' id='line_1_37' title="bbox 285 2667 1956 2719; baseline -0.001 -11"><span class='ocrx_word' id='word_1_359' title='bbox 285 2677 326 2708; x_wconf 70' lang='grc'><strong><em>14</em></strong></span> <span class='ocrx_word' id='word_1_360' title='bbox 351 2676 555 2719; x_wconf 73' lang='grc' dir='ltr'><strong><em>*φανεῖναι</em></strong></span> <span class='ocrx_word' id='word_1_361' title='bbox 580 2673 627 2708; x_wconf 90' lang='lat' dir='ltr'>W</span> <span class='ocrx_word' id='word_1_362' title='bbox 722 2674 761 2710; x_wconf 82' lang='grc' dir='ltr'><strong><em>δὲ</em></strong></span> <span class='ocrx_word' id='word_1_363' title='bbox 787 2673 818 2709; x_wconf 86' lang='grc' dir='ltr'>Ε</span> <span class='ocrx_word' id='word_1_364' title='bbox 921 2676 958 2708; x_wconf 82' lang='grc' dir='ltr'><strong><em>1ῖ</em></strong></span> <span class='ocrx_word' id='word_1_365' title='bbox 985 2672 1204 2719; x_wconf 78' lang='grc' dir='ltr'><strong><em>βέσσουραν</em></strong></span> <span class='ocrx_word' id='word_1_366' title='bbox 1228 2670 1256 2705; x_wconf 89' lang='grc' dir='ltr'>Ρ</span> <span class='ocrx_word' id='word_1_367' title='bbox 1279 2667 1498 2717; x_wconf 72' lang='grc' dir='ltr'><strong><em>βεσσούραν</em></strong></span> <span class='ocrx_word' id='word_1_368' title='bbox 1522 2670 1597 2704; x_wconf 92' lang='grc' dir='ltr'><strong><em>ΑΜ</em></strong></span> <span class='ocrx_word' id='word_1_369' title='bbox 1621 2670 1643 2704; x_wconf 88' lang='lat' dir='ltr'><strong><em>i.</em></strong></span> <span class='ocrx_word' id='word_1_370' title='bbox 1661 2679 1771 2714; x_wconf 75' lang='lat' dir='ltr'><strong>marg.</strong></span> <span class='ocrx_word' id='word_1_371' title='bbox 1797 2683 1845 2717; x_wconf 82' lang='grc' dir='ltr'><strong><em>γρ</em></strong></span> <span class='ocrx_word' id='word_1_372' title='bbox 1867 2672 1956 2717; x_wconf 75' lang='grc' dir='ltr'><strong><em>βεθ-</em></strong></span> 
     </span>
     <span class='ocr_line' id='line_1_38' title="bbox 281 2725 1954 2777; baseline -0.001 -14"><span class='ocrx_word' id='word_1_373' title='bbox 281 2728 428 2777; x_wconf 67' lang='grc' dir='ltr'><strong><em>σούραν</em></strong></span> <span class='ocrx_word' id='word_1_374' title='bbox 451 2732 484 2764; x_wconf 89' lang='grc' dir='ltr'><strong>Α</strong></span> <span class='ocrx_word' id='word_1_375' title='bbox 507 2732 776 2777; x_wconf 72' lang='grc' dir='ltr'><strong><em>βεθεσσοῦραν</em></strong></span> <span class='ocrx_word' id='word_1_376' title='bbox 800 2729 847 2765; x_wconf 88' lang='lat' dir='ltr'>W</span> <span class='ocrx_word' id='word_1_377' title='bbox 945 2731 984 2764; x_wconf 77' lang='lat'><strong><em>18</em></strong></span> <span class='ocrx_word' id='word_1_378' title='bbox 1010 2725 1088 2766; x_wconf 68' lang='grc' dir='ltr'><strong><em>ἀπὸ</em></strong></span> <span class='ocrx_word' id='word_1_379' title='bbox 1114 2738 1182 2764; x_wconf 86' lang='lat' dir='ltr'><strong><em>om.</em></strong></span> <span class='ocrx_word' id='word_1_380' title='bbox 1208 2727 1358 2762; x_wconf 84' lang='lat' dir='ltr'>PAMW</span> <span class='ocrx_word' id='word_1_381' title='bbox 1384 2730 1417 2761; x_wconf 87' lang='lat' dir='ltr'><strong><em>et</em></strong></span> <span class='ocrx_word' id='word_1_382' title='bbox 1443 2731 1483 2761; x_wconf 86' lang='lat' dir='ltr'><strong><em>ut</em></strong></span> <span class='ocrx_word' id='word_1_383' title='bbox 1509 2726 1579 2763; x_wconf 90' lang='lat' dir='ltr'><strong>uid.</strong></span> <span class='ocrx_word' id='word_1_384' title='bbox 1598 2726 1668 2761; x_wconf 83' lang='lat' dir='ltr'><strong><em>Lat</em></strong></span> <span class='ocrx_word' id='word_1_385' title='bbox 1737 2729 1779 2761; x_wconf 87' lang='lat'><strong><em>20</em></strong></span> <span class='ocrx_word' id='word_1_386' title='bbox 1804 2727 1828 2762; x_wconf 89' lang='lat' dir='ltr'><strong><em>i.</em></strong></span> <span class='ocrx_word' id='word_1_387' title='bbox 1846 2735 1954 2770; x_wconf 77' lang='lat' dir='ltr'><strong>marg.</strong></span> 
     </span>
     <span class='ocr_line' id='line_1_39' title="bbox 282 2780 1955 2835; baseline -0.002 -13"><span class='ocrx_word' id='word_1_388' title='bbox 282 2787 341 2822; x_wconf 82' lang='lat' dir='ltr'><strong><em>XI</em></strong></span> <span class='ocrx_word' id='word_1_389' title='bbox 364 2787 435 2822; x_wconf 78' lang='lat' dir='ltr'><strong><em>Lat</em></strong></span> <span class='ocrx_word' id='word_1_390' title='bbox 506 2780 607 2824; x_wconf 66' lang='grc' dir='ltr'><strong><em>οὕτω</em></strong></span> <span class='ocrx_word' id='word_1_391' title='bbox 631 2787 664 2823; x_wconf 89' lang='lat' dir='ltr'><strong>V</strong></span> <span class='ocrx_word' id='word_1_392' title='bbox 743 2790 785 2822; x_wconf 86' lang='lat'><strong><em>23</em></strong></span> <span class='ocrx_word' id='word_1_393' title='bbox 811 2785 976 2835; x_wconf 75' lang='grc' dir='ltr'><strong><em>ἐγκρατῆ</em></strong></span> <span class='ocrx_word' id='word_1_394' title='bbox 1001 2782 1220 2832; x_wconf 86' lang='grc' dir='ltr'><strong><em>γιγνόμενα]</em></strong></span> <span class='ocrx_word' id='word_1_395' title='bbox 1245 2781 1449 2830; x_wconf 76' lang='grc' dir='ltr'><strong><em>κρατήσειν</em></strong></span> <span class='ocrx_word' id='word_1_396' title='bbox 1474 2781 1633 2828; x_wconf 83' lang='grc' dir='ltr'><strong><em>οἰόμενα</em></strong></span> <span class='ocrx_word' id='word_1_397' title='bbox 1659 2782 1799 2818; x_wconf 85' lang='lat' dir='ltr'>LAME</span> <span class='ocrx_word' id='word_1_398' title='bbox 1823 2781 1955 2829; x_wconf 80' lang='grc' dir='ltr'><strong><em>ἐγκρα·</em></strong></span> 
     </span>
     <span class='ocr_line' id='line_1_40' title="bbox 282 2838 1910 2890; baseline -0.003 -11"><span class='ocrx_word' id='word_1_399' title='bbox 282 2845 422 2880; x_wconf 77' lang='grc' dir='ltr'><strong><em>τείσειν</em></strong></span> <span class='ocrx_word' id='word_1_400' title='bbox 449 2842 608 2888; x_wconf 79' lang='grc' dir='ltr'><strong><em>οἰόμενα</em></strong></span> <span class='ocrx_word' id='word_1_401' title='bbox 634 2843 680 2878; x_wconf 91' lang='lat' dir='ltr'>W</span> <span class='ocrx_word' id='word_1_402' title='bbox 797 2841 979 2890; x_wconf 81' lang='grc' dir='ltr'><strong><em>γινόμενα</em></strong></span> <span class='ocrx_word' id='word_1_403' title='bbox 1003 2842 1069 2877; x_wconf 83' lang='lat' dir='ltr'><strong><em>FV</em></strong></span> <span class='ocrx_word' id='word_1_404' title='bbox 1094 2839 1281 2889; x_wconf 78' lang='grc' dir='ltr'><strong><em>γενόμενα</em></strong></span> <span class='ocrx_word' id='word_1_405' title='bbox 1306 2841 1360 2875; x_wconf 83' lang='lat' dir='ltr'><strong><em>ed.</em></strong></span> <span class='ocrx_word' id='word_1_406' title='bbox 1379 2851 1433 2885; x_wconf 87' lang='lat' dir='ltr'><strong><em>pr.</em></strong></span> <span class='ocrx_word' id='word_1_407' title='bbox 1549 2841 1746 2885; x_wconf 80' lang='grc' dir='ltr'><strong><em>*συνεχεῖς</em></strong></span> <span class='ocrx_word' id='word_1_408' title='bbox 1770 2849 1838 2875; x_wconf 91' lang='lat' dir='ltr'><strong><em>om.</em></strong></span> <span class='ocrx_word' id='word_1_409' title='bbox 1865 2838 1910 2874; x_wconf 90' lang='lat' dir='ltr'>W</span> 
     </span>
     <span class='ocr_line' id='line_1_41' title="bbox 283 2893 1953 2944; baseline -0.003 -8"><span class='ocrx_word' id='word_1_410' title='bbox 283 2895 333 2936; x_wconf 79' lang='grc' dir='ltr'><strong><em>*ὁ</em></strong></span> <span class='ocrx_word' id='word_1_411' title='bbox 360 2910 428 2935; x_wconf 93' lang='lat' dir='ltr'><strong><em>om.</em></strong></span> <span class='ocrx_word' id='word_1_412' title='bbox 456 2900 521 2935; x_wconf 87' lang='lat' dir='ltr'><strong><em>LV</em></strong></span> <span class='ocrx_word' id='word_1_413' title='bbox 640 2903 681 2935; x_wconf 77' lang='lat'><strong><em>24</em></strong></span> <span class='ocrx_word' id='word_1_414' title='bbox 708 2897 854 2944; x_wconf 72' lang='grc' dir='ltr'><strong><em>Ἰούδας]</em></strong></span> <span class='ocrx_word' id='word_1_415' title='bbox 880 2899 1096 2935; x_wconf 78' lang='lat' dir='ltr'><strong><em>machabeus</em></strong></span> <span class='ocrx_word' id='word_1_416' title='bbox 1120 2899 1188 2934; x_wconf 84' lang='lat' dir='ltr'><strong><em>Lat</em></strong></span> <span class='ocrx_word' id='word_1_417' title='bbox 1280 2895 1441 2934; x_wconf 62' lang='lat' dir='ltr'><strong><em>*Enolov</em></strong></span> <span class='ocrx_word' id='word_1_418' title='bbox 1465 2896 1511 2931; x_wconf 89' lang='lat' dir='ltr'>W</span> <span class='ocrx_word' id='word_1_419' title='bbox 1611 2897 1742 2932; x_wconf 77' lang='grc' dir='ltr'><strong><em>κακῶν</em></strong></span> <span class='ocrx_word' id='word_1_420' title='bbox 1766 2893 1953 2931; x_wconf 78' lang='lat' dir='ltr'><strong><em>LAMWE</em></strong></span> 
     </span>
     <span class='ocr_line' id='line_1_42' title="bbox 280 2956 1071 2994; baseline -0.001 -3"><span class='ocrx_word' id='word_1_421' title='bbox 280 2959 318 2992; x_wconf 86' lang='lat' dir='ltr'><strong><em>et</em></strong></span> <span class='ocrx_word' id='word_1_422' title='bbox 341 2956 424 2992; x_wconf 84' lang='lat' dir='ltr'>fort.</span> <span class='ocrx_word' id='word_1_423' title='bbox 451 2956 520 2992; x_wconf 79' lang='lat' dir='ltr'><strong><em>Lat</em></strong></span> <span class='ocrx_word' id='word_1_424' title='bbox 626 2961 739 2993; x_wconf 73' lang='grc' dir='ltr'><strong><em>*τοῖσ</em></strong></span> <span class='ocrx_word' id='word_1_425' title='bbox 765 2957 951 2994; x_wconf 73' lang='grc' dir='ltr'><strong><em>ιὀυδαίοισ</em></strong></span> <span class='ocrx_word' id='word_1_426' title='bbox 975 2956 1071 2991; x_wconf 79' lang='lat' dir='ltr'><strong><em>PFV</em></strong></span> 
     </span>
    </p>
   </div>
   <div class='ocr_carea' id='block_1_7' title="bbox 1982 0 2105 3377">
    <p class='ocr_par' dir='ltr' id='par_1_17' title="bbox 1982 0 2105 3377">
     <span class='ocr_line' id='line_1_43' title="bbox 1982 0 2105 3377; baseline 0 0"><span class='ocrx_word' id='word_1_427' title='bbox 1982 0 2105 3377; x_wconf 95' lang='lat' dir='ltr'><strong><em> </em></strong></span> 
     </span>
    </p>
   </div>
  </div>
 </body>
</html>
