2107 3377
290 170 370 209 138
726 169 889 213 ANTIQ.
913 169 1011 205 IUD.
1035 170 1108 205 XII
1131 172 1312 206 377—382
1337 174 1516 213 (1Χ.5-τ)

183 287 264 328 378
297 284 455 342 ἔστησε
483 283 716 341 μηχάνημα
737 277 931 326 κάκεῖνοι
964 283 1103 338 πάλιν
1125 279 1498 342 ἀντεμηχανῶντο.
1556 283 1699 341 τροφὴ
1733 279 1774 327 δ’
1802 279 1961 336 αὐτοὺς

296 351 589 403 ἐπιλελοίπει,
621 353 700 394 τοῦ
720 350 800 405 μὲν
820 346 948 401 ὄντος
971 347 1318 409 ἀπανηλωμένου
1340 354 1525 406 καρποῦ,
1546 354 1624 410 τῆς
1645 351 1693 395 δὲ
1712 353 1790 409 γῆς
1809 350 1961 408 ἐκείνῳ
2010 369 2017 375 ·

294 422 359 475 τῷ
391 419 479 463 ἔτει
509 418 567 477 μὴ
599 421 911 476 γεωργημένης,
944 413 1059 461 ἀλλὰ
1090 418 1164 462 διὰ
1195 418 1244 463 τὸ
1279 417 1394 462 εἶναι
1424 418 1472 463 τὸ
1497 418 1684 474 ἕβδομον
1706 418 1816 471 ἔτος,
1846 414 1957 462 καθ’

295 487 318 531 ὃ
351 483 484 542 νόμος
514 484 619 543 ἡμῖν
650 481 785 542 ἆργὴν
816 485 891 529 ἐᾶν
921 485 1000 542 τὴν
1026 487 1187 542 χώραν,
1220 483 1421 542 ἀσπόρου
1442 490 1746 544 μεμενηκυίας.
1799 487 1963 530 πολλοὶ

293 556 527 611 τοιγαροῦν
565 556 653 596 τῶν
692 555 1081 610 πολιορκουμένων
1121 550 1448 610 ἀπεδίδρασκον
1488 553 1564 598 διὰ
1601 553 1680 613 τὴν
1709 557 1799 598 τῶν
1830 550 1963 611 ἆναγ-
2014 560 2018 582 ἵ

294 627 432 666 καίων
465 618 673 676 ἀπορίαν,
707 619 767 672 (ὗς
797 617 974 678 ὀλίγους
1004 620 1048 666 ἓν
1078 624 1142 679 τῷ
1174 623 1279 679 ἱερῷ
1310 623 1683 680 καταλειφθῆναι.

184 694 265 735 379
412 694 450 734 6.
481 691 572 732 Καὶ
601 698 695 740 τοῖς
716 690 796 744 μὲν
817 691 1209 745 πολιορκουμένοις
1231 690 1274 733 ἐν
1295 693 1359 747 τῷ
1382 691 1485 747 ἱερῷ
1506 692 1691 733 τοιαῦτα
1713 692 1965 745 συνέβαινεν

297 755 412 801 εἶναι
442 756 497 800 τὰ
530 757 783 814 πράγματα.
834 762 1014 809 Λυσίας
1046 759 1093 802 δὲ
1123 756 1145 802 ὁ
1181 757 1422 816 στρατηγὸς
1452 760 1526 801 καὶ
1557 755 1579 801 ὃ
1611 756 1833 812 βασιλεύς,
1865 756 1966 802 ἐπεὶ

299 826 535 876 Φίλιππος
567 821 717 876 αὐτοῖς
748 821 838 869 ἀπὸ
871 829 949 884 τῆς
970 826 1193 882 Περσίδος
1222 825 1338 881 ἥκων
1370 825 1576 883 ἐδηλώθη
1609 822 1713 883 [καὶ]
1743 823 1799 868 τὰ
1821 824 1966 881 πράγ-

295 910 416 948 ματα
459 893 523 945 εἷς
568 889 701 938 αὐτὸν
745 894 1102 947 κατασκευάζειν,
1150 892 1265 949 εἶχον
1305 895 1384 949 μὲν
1427 889 1541 937 ὥστε
1581 892 1660 951 τὴν
1704 895 1967 950 πολιορκίαν
2009 918 2012 929 =

298 957 483 1019 ἀφέντες
514 958 656 1017 ὁρμᾶν
688 961 763 1005 ἐπὶ
794 961 871 1005 τὸν
906 964 1154 1015 Φίλιππον,
1195 958 1244 1005 οὗ
1276 961 1361 1016 μὴν
1391 964 1519 1005 τοῦτο
1551 963 1743 1018 ποιῆσαι
1774 960 1968 1019 φανερὸν

183 1032 264 1075 380
294 1039 389 1080 τοῖς
430 1029 725 1086 στρατιώταις
766 1032 838 1074 καὶ
877 1039 973 1080 τοῖς
1011 1027 1219 1088 ἡγεμόσιν
1259 1030 1466 1087 ἔγνωσαν,
1507 1025 1607 1072 ἀλλ’
1635 1028 1855 1073 ἐκέλευσεν
1889 1028 1969 1073 τὸν

296 1101 478 1140 Λυσίαν
500 1095 522 1140 ὁ
544 1096 753 1152 βασιλεὺς
776 1093 896 1154 αὐτῷ
915 1115 963 1141 τε
983 1099 1056 1141 καὶ
1076 1106 1172 1148 τοῖς
1201 1095 1411 1156 ἡγεμόσιν
1443 1097 1487 1140 ἐν
1512 1100 1646 1154 κοινῷ
1677 1098 1970 1154 διαλεχθῆναι

295 1166 432 1222 μηδὲν
461 1165 541 1220 μὲν
570 1167 657 1207 τῶν
678 1167 782 1217 περὶ
808 1167 1044 1209 Φίλιππον
1075 1164 1386 1222 ἐμφανίζοντα,
1417 1164 1495 1222 τὴν
1526 1166 1574 1209 δὲ
1603 1167 1868 1220 πολιορκίαν
1898 1159 1971 1209 ὅτι

292 1232 565 1290 χρονιωτάτη
605 1229 767 1289 γένοιτ)
796 1227 848 1276 ἂν
888 1233 1124 1291 δηλοῦντα,
1165 1235 1239 1276 καὶ
1276 1232 1354 1290 τὴν
1397 1228 1640 1291 ὀχυρότητα
1677 1236 1756 1277 τοῦ
1789 1237 1969 1289 χωρίου,

295 1303 368 1344 καὶ
400 1300 471 1345 ὅτι
500 1300 557 1344 τὰ
587 1304 665 1357 τῆς
694 1303 864 1359 τροφῆς
900 1298 1051 1352 αὐτοῖς
1088 1298 1171 1359 ἤδη
1212 1301 1465 1354 ἐπιλείποι,
1506 1303 1581 1345 καὶ
1619 1298 1679 1352 ὥς
1716 1299 1864 1345 πολλὰ
1904 1301 1973 1345 δεῖ
2030 1300 2057 1312 ”

183 1372 261 1414 381
295 1371 573 1426 καταστῆσαι
610 1371 699 1413 τῶν
738 1369 783 1412 έν
821 1373 875 1427 τῇ
912 1371 1121 1427 βασιλείᾳ
1159 1369 1453 1426 πραγμάτων,
1493 1370 1566 1412 καὶ
1607 1365 1667 1420 ὥς
1705 1369 1826 1413 δοκεῖ
1853 1367 1969 1412 πολὺ

296 1446 492 1493 κρεῖττον
531 1435 644 1481 εἶναι
685 1436 884 1488 σπονδὰς
925 1442 1257 1495 ποιησαμένους
1293 1437 1408 1493 πρὸς
1437 1437 1541 1488 τοὺς
1571 1438 1972 1493 πολιορκουμένους

296 1507 370 1549 καὶ
401 1506 558 1563 φιλίαν
589 1503 704 1561 πρὸς
735 1500 838 1548 ὅλον
870 1500 1013 1548 αἰτῶν
1042 1505 1092 1549 τὸ
1134 1505 1268 1555 ἔθνος
1309 1504 1640 1560 ἐπιτρέψαντας
1679 1500 1830 1556 αὐτοῖς
1866 1507 1973 1562 χρῆ·
2045 1556 2061 1562 v

299 1577 414 1617 σθαι
443 1582 539 1624 τοῖς
568 1577 780 1629 πατρίοις
811 1573 976 1628 νόμοις,
1009 1570 1069 1616 (ὗν
1102 1569 1426 1631 ἀφαιρεθέντες
1456 1575 1530 1616 νῦν
1552 1572 1970 1630 ἐξεπολεμώθησαν,
2010 1618 2013 1619 ⁷

295 1651 454 1698 χωρεῖν
485 1641 561 1685 ἐπὶ
593 1640 648 1684 τὰ
681 1641 835 1685 οἰκεῖα.
894 1644 1034 1684 ταῦτα
1064 1644 1143 1685 τοῦ
1173 1646 1350 1685 Λυσίου
1384 1641 1609 1699 φήσαντος
1638 1636 1810 1699 ἠρέσθη
1841 1640 1891 1684 τό
1922 1657 1972 1685 τε

302 1709 552 1766 στράτευμα
581 1711 653 1753 καὶ
687 1710 730 1752 οἱ
761 1707 970 1766 ἡγεμόνες
997 1712 1053 1767 τῇ
1081 1710 1244 1767 γνώμῃ.

186 1779 267 1821 382
414 1783 453 1821 7.
484 1780 575 1822 Καὶ
596 1781 786 1832 πέμψας
807 1775 829 1820 0‘
851 1776 1061 1832 βασιλεὺς
1081 1777 1196 1832 πρὸς
1216 1778 1293 1822 τὸν
1311 1775 1476 1822 Ἰούδαν
1507 1779 1578 1821 καὶ
1607 1776 1710 1828 τοὺς
1741 1776 1820 1820 σὺν
1850 1771 1971 1833 αὐτῷ

300 1847 700 1902 πολιορκουμένους
723 1842 896 1903 εἰρήνην
915 1862 964 1888 τε
986 1845 1275 1903 ἐπηγγείλατο
1297 1848 1367 1889 καὶ
1394 1854 1629 1902 συγχωρεῖν
1644 1854 1739 1896 τοῖς
1760 1849 1971 1900 πατρίοις
2029 1842 2035 1854 “

413 1970 434 2014 ξ
459 1971 524 2003 377
550 1986 593 1997 =
621 1972 650 2003 1.
668 1968 834 2004 Maccab.
851 1968 901 2004 VI
920 1972 973 2004 53.

411 2071 777 2106 PFLAMVWELat
790 2070 950 2105 Zonaras
974 2071 991 2105 I
1016 2082 1050 2115 p.
1077 2074 1154 2106 371.

416 2133 430 2164 1
457 2126 708 2175 μηχανήματα
732 2127 806 2161 AM
914 2127 952 2164 δὲ
976 2127 1008 2161 Ε
1116 2122 1278 2164 *αὖτοῐσ
1304 2128 1419 2163 ΜΖοι]
1515 2130 1534 2162 2
1560 2127 1823 2165 *ἐπελελοίπει
1848 2127 1879 2162 L

1440 2187 1447 2199 ι

299 2205 457 2245 *ὄντωσ
481 2206 512 2241 L
606 2205 898 2253 α’πανηλομένου
922 2207 953 2241 L
978 2202 1222 2253 ἀνηλωμένου
1247 2207 1279 2242 Ε
1380 2211 1398 2243 3
1425 2186 1690 2256 Ξιὲωργημένησ
1706 2208 1740 2243 A
1763 2220 1970 2255 γεγεωργη-

299 2266 416 2312 μένησ
440 2264 513 2299 MV
537 2263 827 2310 γεωργουμένησ
853 2263 885 2298 Ε
966 2266 987 2297 4
1012 2260 1110 2309 ἡμῖν]
1136 2258 1182 2310 ἢν
1206 2260 1293 2310 ἡμῖν
1318 2264 1377 2299 PF
1382 2265 1446 2301 LV
1514 2266 1762 2311 μεμενηκυιήσ
1787 2264 1814 2299 Ρ
1886 2268 1903 2299 ’ἲ
1929 2262 1971 2301 ἐν
2019 2290 2027 2296 -

299 2325 353 2372 τῷ
371 2322 461 2370 ἱερῷ
479 2331 547 2356 om.
566 2319 595 2354 F
668 2323 687 2355 S
704 2320 725 2354 i.
744 2330 854 2364 marg.
872 2317 924 2364 ιζ’
941 2320 972 2355 L
1043 2316 1105 2356 *δ’
1127 2321 1156 2354 F
1226 2319 1414 2368 βασιλεὺς]
1433 2319 1618 2368 ἀντίοχοσ
1635 2321 1667 2356 Ε
1692 2332 1763 2357 rex
1779 2319 1972 2356 antiochus

299 2379 370 2414 Lat
477 2376 571 2419 ἐπεὶ]
595 2373 720 2423 ἐπειδὴ
745 2374 926 2422 &uuisio-
949 2377 1058 2411 ΑΜΕ
1083 2374 1208 2424 ἐπειδὴ
1235 2375 1255 2414 ὁ
1281 2376 1464 2425 flamm-o
1488 2379 1535 2413 W
1639 2381 1659 2414 9
1684 2373 1763 2415 ἀπὸ
1789 2380 1860 2425 τῆσ
1883 2391 1972 2424 περ·

300 2437 410 2473 σι’δοσ
435 2430 570 2471 αὐτοῖο
593 2436 638 2469 tr.
662 2433 703 2468 M
782 2457 785 2459 >
805 2429 898 2475 α’πὸ]
922 2431 983 2470 ἐπὶ
1008 2433 1037 2467 F
1062 2432 1105 2470 ἐκ
1130 2434 1162 2468 V
1267 2428 1360 2480 ἧκον
1382 2436 1413 2470 L
1515 2437 1578 2471 καὶ
1604 2445 1672 2470 om.
1698 2434 1803 2470 ELat
1826 2433 1973 2470 seclusit

299 2493 443 2528 Bekker
554 2494 594 2525 10
619 2487 757 2527 ἑαυτὸν
779 2489 911 2525 FLVE
1008 2488 1306 2536 κατασκευάζων
1329 2492 1361 2527 Ε
1478 2492 1576 2537 *μὲν
1599 2502 1668 2527 om.
1693 2490 1722 2527 P
1818 2494 1855 2527 11
1883 2489 1973 2528 *ἐπὶ

300 2547 370 2586 τὸν
394 2550 580 2595 φίλιππον
607 2543 732 2594 ὁρμᾶν
755 2549 799 2582 tr.
827 2546 923 2581 FLV
1015 2549 1172 2589 *τοῦτο1
1198 2551 1266 2584 τοῦ
1291 2548 1319 2582 F
1408 2551 1448 2583 12
1473 2550 1583 2591 *τοῖς
1605 2561 1686 2595 στρ.
1710 2568 1755 2574 -
1779 2544 1971 2595 ἡγεμόσιν]

299 2605 450 2651 νείίᾳιιίε
474 2605 624 2640 ducibus
649 2604 719 2638 Lat
827 2609 908 2646 τοῖς
932 2606 1028 2645 (ante
1052 2601 1123 2650 ἠγ.)
1148 2613 1216 2639 om.
1242 2604 1274 2638 E
1383 2608 1422 2640 13
1449 2601 1563 2653 αὐτῷ]
1589 2601 1719 2647 αὐτοῖς
1743 2604 1798 2640 ed.
1816 2615 1884 2649 pr.‚
1902 2614 1969 2641 om.

299 2662 371 2697 Lat
487 2664 528 2696 14
553 2662 643 2701 τῶν]
669 2657 739 2696 τὸν
762 2659 791 2694 F
907 2662 1145 2704 πολῢορκίαν
1167 2660 1198 2694 L
1306 2654 1364 2697 ὅτι
1391 2659 1727 2708 πολυχρονιωτάτη
1751 2661 1903 2696 LAMW

302 2721 343 2753 1ss
368 2716 599 2754 ἐπιλελοίπει
623 2716 729 2752 LMV
753 2714 1002 2753 ἐπειλελοίπει
1026 2718 1060 2751 A
1083 2715 1317 2754 ἐπιλελοίποι
1344 2717 1387 2751 W
1481 2720 1572 2754 *καὶ
1597 2715 1649 2760 ὡς
1671 2737 1714 2743 -
1734 2721 1773 2754 17
1799 2713 1972 2766 πραγμᾰ·

300 2787 378 2811 των
402 2785 470 2809 om.
488 2773 560 2808 Lat
628 2775 721 2815 *δεῐ]
747 2769 787 2819 δὴ
814 2773 844 2807 L
941 2776 980 2809 18
1005 2770 1108 2810 *τὰσ
1133 2774 1463 2820 πολιορκουμένασ
1488 2773 1517 2808 L
1611 2777 1653 2808 20
1678 2768 1876 2819 πατρώοισ
1894 2774 1927 2810 Ε

301 2833 367 2867 νῦν
391 2840 460 2864 om.
488 2829 550 2863 FV
665 2827 998 2876 ἐξεπολεμήθησαν
1022 2830 1116 2865 PFV
1233 2834 1271 2866 21
1299 2828 1464 2867 ἕκαστοσ
1489 2833 1571 2876 post
1596 2830 1743 2867 ὀἰκεῖα
1769 2831 1850 2867 add.
1875 2831 1904 2867 P

301 2883 478 2933 *ἠράσθη
502 2886 558 2920 Μι
652 2888 694 2920 22
720 2883 937 2932 *ἧγεμῶνεσ
960 2886 991 2920 L
1092 2889 1134 2921 23
1159 2887 1180 2922 i.
1207 2897 1316 2932 marg.
1335 2884 1381 2923 ιε’
1410 2887 1441 2922 Ε
1536 2884 1669 2924 ’ἰούδα
1695 2887 1740 2922 W
1835 2890 1878 2923 24
1902 2889 1971 2924 *τε

301 2951 371 2977 om.
398 2940 444 2975 W
537 2939 737 2988 πατρώοισ
762 2944 792 2977 Ε
