2107 3377
206 282 284 323 371

205 553 286 592 372

201 1096 283 1137 374

199 1705 280 1747 376

318 166 400 205 308
526 196 529 197 ⁷
750 169 912 214 ANTIQ.
937 170 1035 206 IUD.
1059 171 1145 207 XIV
1170 173 1349 207 370—376
1373 174 1546 214 (x1v.1.2)

320 281 408 324 λιῦν
438 276 550 337 παρ’
578 277 711 325 αὐτοῦ
740 283 1036 340 τετυχηκότος.
1098 280 1147 327 οὗ
1177 283 1260 340 γὰρ
1292 283 1422 334 εἰδώς
1451 283 1507 326 τὰ
1537 283 1648 326 κατὰ
1678 284 1756 328 τὸν
1787 281 1983 343 ἀδελφὸν

318 348 530 392 ἔσπευδεν
571 349 892 404 λυτρώσασθαι
929 351 1054 408 παρὰ
1093 355 1180 395 τῶν
1219 353 1447 406 πολεμίων
1493 347 1625 394 αἶ’τόν
1670 351 1826 407 λύτρον
1870 351 1983 410 ὗπὲρ
2040 353 2075 368 ”

319 412 455 459 αὐτοῦ
483 417 744 472 καταβαλών
775 419 971 474 νόμισμα
1004 419 1085 471 ἕως
1115 424 1384 475 τριακοσίων
1413 418 1655 462 ταλάντων.
1716 418 1903 477 ἐπήγετο
1935 420 1984 464 δὲ

316 486 391 527 καὶ
428 483 506 527 τὸν
539 484 783 541 Φασαήλου
820 487 964 531 παῖδα
1001 486 1076 531 διὰ
1114 484 1276 545 ταύτην
1314 487 1393 545 τὴν
1425 487 1573 530 αἰτίαν
1604 486 1797 545 ἑπταετῆ
1826 487 1984 544 τυγχά-

318 567 463 604 νοντα,
495 552 738 606 παρασχιὺν
770 549 903 597 αὐτὸν
935 553 1132 610 ἐνέχυρον
1163 565 1258 606 τοῖς
1286 553 1494 611 Ἄραψιν.
1555 550 1749 610 ἀγγέλων
1785 551 1824 598 δ’
1852 551 1984 600 αὐτὸν

314 616 664 676 ὑπαντησάντων
695 620 820 677 παρὰ
851 624 930 665 τοῦ
959 624 1181 677 Μαλίχου,
1215 620 1276 666 δι’
1303 620 1364 666 ὦν
1396 623 1616 666 ἐκέλευσεν
1649 619 1782 666 αὐτὸν
1812 619 1983 678 ἀναχω-

316 696 429 742 ρεῖν·
476 690 824 744 παρηγγελκέναι
861 688 944 746 γὰρ
987 686 1106 747 αὐτῷ
1144 691 1364 747 Πάρθους
1398 688 1597 748 Ἡρώδην
1641 689 1699 746 μὴ
1749 691 1982 744 δέχεσθαι·

314 754 449 811 ταύτῃ
491 751 532 796 δ’
559 753 711 812 ἐχρῆτο
750 757 981 815 προφάσει
1021 756 1134 815 ὑπὲρ
1173 761 1252 802 τοῦ
1291 758 1349 814 μὴ
1392 754 1641 802 ἀποδοῦναι
1680 757 1734 800 τὰ
1773 761 1881 814 χρέα
1909 760 1984 803 καὶ

313 824 402 864 τῶν
435 821 478 865 ἐν
509 824 626 866 τέλει
656 824 782 880 παρὰ
811 835 906 877 τοῖς
935 823 1129 883 Ἄραψιν
1161 826 1224 878 εἷς
1253 829 1382 870 τοῦτο
1415 826 1677 883 ἐναγόντων,
1709 821 1836 877 ὅπως
1867 821 1983 870 ἆπο-

317 890 589 946 στερήσωσιν
628 891 709 943 τὰς
749 894 1154 951 παρακαταθήκας,
1195 894 1247 945 ἃς
1286 894 1409 951 παρὰ
1440 890 1738 949 Ἀντιπάτρου
1775 894 1986 949 λαβόντες
2015 901 2053 936 10

316 974 478 1011 ετυχον,
498 954 765 1015 ἆπεκρίιάτο
785 957 934 1012 αὐτοῖς
953 958 1078 1005 οὐδὲν
1095 961 1339 1019 ἐνοχλήσων
1360 957 1653 1019 ἀφικνεῖσθαι
1674 961 1790 1016 πρὸς
1811 957 1983 1017 αὐτούς,

313 1025 450 1080 μόνον
481 1027 528 1069 δὲ
561 1027 870 1082 διαλεξόμενος
901 1031 1006 1084 περὶ
1036 1032 1124 1073 τῶν
1157 1026 1515 1085 ἀναγκαιοτάτων
1548 1025 1666 1084 αύτῷ
1697 1030 1983 1086 πραγμάτων.

428 1098 467 1137 2.
490 1091 674 1138 Ἔπειτα
715 1095 847 1146 δόξαν
887 1092 1128 1152 ἀναχωρεῖν
1168 1093 1307 1155 ἀπῄει
1342 1096 1464 1152 μάλα
1504 1097 1748 1153 σωφρόνως
1786 1096 1864 1154 τὴν
1904 1095 1980 1140 ἐπ’

313 1160 566 1217 Αἰγύπτου.
625 1165 699 1206 καὶ
720 1164 823 1206 τότε
843 1164 923 1218 μὲν
946 1165 990 1208 ἔν
1018 1182 1107 1208 τινι
1140 1166 1245 1221 ἱερῷ
1275 1164 1524 1220 κατάγεται,
1554 1165 1872 1208 καταλελοίπει
1899 1164 1983 1222 γὰρ

314 1224 480 1272 αὐτόθι
510 1229 704 1280 πολλοὺς
733 1233 821 1275 τιῦν
853 1231 1104 1286 ἑπομένων,
1136 1236 1190 1290 τῇ
1222 1229 1261 1276 δ1
1288 1231 1502 1290 ὑστεραίᾳ
1531 1232 1891 1289 παραγενόμενος
1921 1232 1985 1285 εἷς
2014 1240 2052 1275 15

199 1300 280 1340 375
307 1292 318 1307 ‘

311 1296 633 1353 Ρινοκούρουρα
671 1298 762 1342 ἐκεῖ
796 1301 869 1343 καὶ
899 1298 955 1342 τὰ
985 1302 1090 1356 περὶ
1120 1300 1198 1344 τὸν
1229 1296 1423 1358 ἀδελφὸν
1453 1297 1650 1358 ἤκουσεν.
1709 1301 1904 1358 ΖΠαλίχῳ
1935 1301 1984 1345 δὲ

310 1364 571 1420 μεταγνόντι
600 1366 674 1408 καὶ
704 1370 977 1420 μεταθέοντι
1006 1367 1086 1411 τὸν
1102 1366 1302 1427 Ἡρώδην
1333 1365 1461 1413 οὐδὲν
1484 1369 1642 1412 τούτου
1664 1368 1983 1426 περισσότερον

311 1431 500 1488 εγένετο·
545 1433 823 1489 πορρωτάτω
867 1434 949 1490 γὰρ
994 1433 1047 1494 ἠν
1092 1433 1175 1493 ἤδη
1225 1437 1431 1480 σπεύδων
1476 1435 1556 1493 τὴν
1595 1435 1673 1480 ἐπὶ
1710 1437 1981 1519 Πηλουσίου.

310 1498 410 1543 επεὶ
442 1496 483 1543 δ’
511 1496 644 1544 αυτὸν
675 1501 869 1545 ελθόντα
900 1519 998 1561 νηες
1029 1500 1250 1561 ὁρμοῦσαι
1281 1501 1447 1548 αυτόθι
1485 1503 1629 1561 ειργον
1658 1507 1737 1548 τοῦ
1758 1500 1982 1549 <en-'2122-

311 1567 543 1623 ξανδρείας
580 1570 717 1622 πλοῦ,
758 1579 853 1621 τοῖς
892 1568 1102 1629 ἡγεμόσιν
1134 1571 1402 1630 εντυγχάνει,
1441 1570 1522 1631 vcp'
1549 1577 1609 1616 ὠν
1642 1567 1740 1616 κατ’
1767 1572 1880 1616 αἰδῶ
1909 1575 1984 1617 καὶ

310 1635 483 1694 πολλὴν
521 1636 740 1694 ἐντροπὴν
778 1642 1106 1697 προπεμφθεὶς
1143 1640 1208 1691 εἷς
1245 1640 1324 1699 τὴν
1362 1641 1518 1695 πόλιν,
1557 1638 1646 1684 υπὸ
1688 1640 1984 1697 Κλεοπάτρας

311 1708 549 1758 κατείχετο.
618 1714 776 1749 πεῖσαι
815 1709 969 1761 μέντοι
1007 1711 1155 1762 μένειν
1187 1704 1326 1752 ἀὐτὸν
1372 1705 1448 1752 οὐκ
1484 1704 1685 1766 ἠδυνήθη
1723 1708 1786 1760 εἷς
1819 1706 1983 1767 Ῥώμην

313 1771 599 1828 ἐπειγόμενον
626 1773 844 1827 χειμῶνός
873 1791 921 1817 τε
951 1772 1079 1826 ὄντος
1108 1778 1183 1820 καὶ
1204 1779 1290 1820 τιῦν
1312 1776 1422 1819 κατὰ
1443 1776 1522 1833 τὴν
1540 1772 1728 1821 Ἰταλίαν
1750 1777 1794 1820 ἐν
1813 1779 1982 1834 ταραχῇ

310 1841 385 1882 καὶ
418 1839 539 1896 σάλῳ
570 1842 726 1897 πολλῷ
757 1842 1049 1899 δηλουμένων.

423 1965 445 2008 ς
470 1967 534 1998 370
560 1981 603 1992 =
629 1965 711 2000 ben.
737 1965 814 2000 Iud.
839 1966 855 2000 1
881 1969 959 2001 274.

422 2065 790 2102 PFLAMVWELat
803 2068 990 2112 Syncellus
1015 2068 1032 2103 1
1055 2079 1091 2113 p.
1109 2072 1187 2104 413.

425 2125 439 2155 1
468 2118 579 2169 παρ’]
604 2121 645 2165 ἐξ
665 2123 842 2158 PFLVW
935 2128 954 2159 2
980 2121 1085 2172 παρὰ
1112 2136 1180 2160 om.
1204 2124 1270 2160 VE
1363 2123 1502 2173 λύτρον
1526 2147 1568 2151 -
1595 2129 1614 2160 3
1640 2123 1850 2168 ταλάντων]
1878 2125 1984 2172 tyriis

309 2179 455 2224 arqentz'
480 2184 642 2214 trecenta
667 2180 804 2215 talenta
824 2181 1072 2227 promittendo
1097 2181 1181 2225 Lat,
1205 2181 1304 2226 Tyrii
1328 2182 1365 2216 in
1389 2182 1472 2218 bell.
1497 2182 1575 2218 Iud.
1602 2185 1670 2218 274
1693 2184 1937 2218 memorantur

309 2237 328 2268 3
355 2236 573 2280 νομίσματα
598 2236 645 2271 W
784 2239 804 2271 4
830 2235 992 2284 ἓπταέτη
1015 2238 1081 2274 VE
1220 2243 1239 2273 5
1265 2236 1489 2285 παρασχὼν]
1522 2239 1696 2287 παρέξων
1727 2238 1982 2275 FLAMVWE

308 2293 346 2326 et
368 2296 408 2326 ut
431 2291 505 2327 uid.
530 2292 602 2328 Lat
716 2293 936 2342 *ἑνὲχειρον
960 2294 989 2329 F
1105 2295 1143 2332 δὲ
1167 2295 1200 2330 Ε
1297 2291 1429 2332 *αὐτῶ
1452 2295 1675 2332 FLAMVW
1790 2299 1810 2331 6
1834 2291 1983 2332 *ἅπαν-

307 2346 505 2393 τησάντων
529 2349 576 2383 W
679 2347 827 2395 μάλχου
851 2350 1106 2387 FLAMVWE
1133 2356 1168 2386 et
1191 2351 1293 2387 codd.
1319 2352 1483 2388 meliores
1507 2352 1578 2388 Lat
1685 2352 1883 2390 *ἐκέλευεν
1905 2351 1935 2387 Ρ

309 2407 327 2437 7
354 2409 606 2452 παραγγεῖλαι
623 2405 813 2445 LAMWE
830 2411 866 2442 et
881 2408 905 2442 i.
923 2418 1033 2452 marg.
1051 2408 1094 2450 F,
1121 2409 1183 2444 ubi
1200 2410 1394 2452 supersunt
1409 2409 1476 2444 litt.
1497 2413 1732 2457 u-*yysfflou
1803 2413 1822 2445 S
1847 2409 1887 2447 δὲ
1902 2409 1934 2444 Ε

309 2459 526 2508 *ἐχρήσατο
552 2463 600 2497 W
731 2463 850 2511 *χρεᾱ
875 2464 903 2498 Ρ
1039 2468 1058 2500 9
1083 2459 1224 2501 *ὥπωσ
1247 2463 1278 2498 L
1397 2468 1437 2500 10
1463 2464 1609 2513 *παρὰ]
1635 2464 1740 2515 παρὰ
1764 2469 1834 2503 τοῦ
1857 2466 1891 2502 V

311 2521 350 2552 11
378 2514 499 2561 οὐδὲν]
524 2519 585 2553 PE
610 2519 724 2566 μηδὲν
747 2520 1054 2556 FLAMVWZon
1124 2517 1329 2568 *ὀχλήσων
1353 2521 1381 2556 Ρ
1458 2518 1688 2569 *ἀφικέσθαι
1713 2523 1747 2560 V
1819 2526 1859 2559 12
1884 2525 1982 2561 *δια··

308 2572 518 2619 λεξάμενοσ
541 2575 622 2611 VW
676 2590 682 2597 ·
750 2571 1103 2623 *ιῖναγκαιωτάτων
1127 2579 1155 2612 Ρ
1271 2575 1507 2624 πραγμάτων
1531 2589 1600 2614 om.
1626 2578 1658 2613 E
1778 2583 1816 2616 15
1842 2575 1981 2618 αὐτόθι

308 2635 518 2676 suspectum
610 2628 788 2675 πολλοὺς]
815 2628 859 2669 ου’
883 2631 1053 2671 πολλοὺσ
1077 2634 1265 2669 FLAMW
1378 2637 1456 2671 τῶν
1479 2632 1674 2679 ἐσομένων
1696 2636 1728 2671 L
1839 2636 1878 2674 δὲ
1902 2637 1935 2673 V

314 2691 354 2721 16
380 2685 639 2736 ῥινοκόρουρα
663 2689 762 2724 A¹W
787 2686 995 2737 ῥινόκουρα
1023 2691 1054 2727 V
1079 2688 1383 2738 ῥινοκούρουραν
1407 2691 1438 2725 Ε
1464 2692 1682 2727 rinocorura
1706 2692 1777 2727 Lat
1845 2691 1980 2741 μάλχω

309 2743 565 2780 FLAMVWE
583 2748 618 2780 et
634 2745 705 2780 Lat
722 2745 824 2782 codd.
843 2747 1006 2782 meliores
1089 2748 1351 2794 *μεταγνῶντι
1367 2747 1428 2782 PL
1513 2750 1551 2783 18
1577 2742 1622 2793 ἦν
1638 2758 1707 2784 om.
1726 2748 1755 2782 F
1839 2752 1980 2797 Πηλου-

309 2802 407 2844 σίου]
434 2803 603 2849 πλησίου,
627 2815 655 2838 π
679 2813 723 2837 ex
748 2813 840 2839 corr.
865 2802 896 2837 Ι
972 2806 1010 2838 19
1037 2804 1075 2841 δὲ
1099 2803 1272 2840 ILAME
1344 2800 1517 2851 ὁρμῶσαι
1539 2804 1725 2841 FLAMW
1796 2812 1927 2854 εῖργον
1949 2805 1979 2843 P

309 2875 439 2927 εἶργον
455 2880 675 2916 FLAMWE
745 2858 1021 2930 ά2 εξάνὸρῗύζζ.
1039 2894 1085 2918 m.
1105 2886 1124 2918 2
1142 2883 1173 2918 E
1267 2886 1309 2918 20
1335 2881 1554 2930 *ἢγεμώσιν
1571 2884 1617 2919 W
1710 2882 1978 2932 *ἐντυγχάνειν

308 2935 356 2971 W
449 2940 491 2970 22
515 2939 536 2981 ξ
562 2941 628 2972 3ῖ6
651 2938 778 2973 laudat
801 2939 987 2984 Syncellus
1082 2942 1123 2974 23
1149 2933 1416 2987 *ἐπηγόμενον
1441 2940 1487 2975 W

2066 2048 2088 2107 Γ(

2064 2198 2074 2219 <

2068 2196 2094 2262 f

2051 2271 2075 2314 ·2.
