2107 3377
216 155 298 194 230
641 151 803 196 ANTIQ.
826 151 922 187 IUD.
947 150 1037 186 XIII
1059 152 1240 187 418—422
1262 151 1461 193 (xv1.3—5)

216 272 472 326 λεγομένου,
513 267 562 318 ὃς
595 265 733 323 βαρὺς
763 255 815 323 ἦν
844 267 898 322 τῇ
927 264 1062 308 πόλει
1094 268 1264 320 γείτων.
1325 257 1424 305 ἀλλ’
1463 262 1505 304 οἱ
1542 261 1622 316 μὲν
1654 257 1779 304 οὐδὲν
1809 260 1881 318 ἐρ-

215 338 459 394 γασάμενοι
490 335 688 389 σπουδῆς
720 330 844 384 ὂῖξιον
873 330 1174 388 ὑπέστρεψαν.

104 409 186 450 419
331 411 371 449 4.
411 403 540 448 Κατὰ
582 403 629 445 δὲ
658 404 815 445 τοῦτον
844 399 921 444 τὸν
951 399 1104 455 καιρὸν
1143 396 1398 479 ἀγγέλλεται
1434 396 1652 480 Τιγράνης
1691 398 1881 453 στρατοῦ

215 473 400 529 μυριάσι
438 467 675 527 τριάκοντα
714 467 992 526 ἐμβεβληκώς
1031 468 1094 520 εἷς
1131 467 1210 526 τὴν
1241 471 1404 522 Συρίαν
1443 467 1518 508 καὶ
1557 463 1632 507 ἐπὶ
1671 466 1748 522 τῆς
1773 459 1881 507 Ἰου-

217 542 346 592 δαίας
377 537 658 597 ιἰφιξόμειος.
709 553 841 580 τουτο
873 531 1023 591 ὥσπερ
1046 535 1162 585 εἰκὸς
1192 534 1386 592 εφόβησε
1414 533 1492 592 τῂν
1512 533 1781 588 βασίλισσαν
1809 533 1884 574 καὶ

215 609 265 652 τὸ
299 609 445 659 ε’θνος.
506 607 626 661 δῶρα
666 604 715 663 δὴ
757 607 831 648 καὶ
869 603 1016 647 πολλὰ
1054 606 1125 647 καὶ
1159 603 1287 659 λόγου
1325 599 1428 653 ἒὶξια
1468 604 1725 655 πέμπουσιν
1765 593 1883 656 αὐτῷ

104 680 186 720 420
216 678 290 719 καὶ
321 679 531 732 πρέσβεις
562 675 875 729 πολιορκοῦντι
904 672 1208 727 Πτολεμαίᾞδα
1266 671 1510 725 βασίλισσα
1547 685 1694 724 γαρ
1661 666 1825 724 Σελήνη
1855 685 1881 723 η

216 745 289 787 καὶ
319 743 590 796 Κλεοπάτρα
620 743 862 797 καλουμένη
903 742 990 783 τῶν
1029 738 1072 783 ἐν
1109 757 1160 796 τῃ
1193 743 1334 796 Συρία
1363 740 1577 790 κατέχειν,
1615 735 1641 792 ἢ
1681 737 1754 778 καὶ
1787 733 1884 792 ἐνή-

216 827 346 868 γαγεν
366 827 468 862 τους
486 809 762 859 ἐνοικοῦντας
777 805 1043 852 ἀποκλεῖσαι
1064 807 1254 863 Τιγράνη
1274 808 1348 848 νῦν
1366 804 1592 860 ετὺγχανεν
1612 805 1687 846 καὶ
1709 801 1883 846 εδέοντο

105 882 183 922 421
214 877 384 936 χρηστὰ
422 879 528 935 περὶ
567 880 644 934 τῆς
673 878 938 934 βασιλίσσης
977 878 1050 919 καὶ
1080 877 1159 918 τοῦ
1199 874 1359 924 ἔθνοις
1390 868 1713 928 συγγινώσκειν.
1781 867 1803 914 ὅ
1837 870 1886 913 δὲ

219 944 551 1001 ἀποδεξάμενος
583 941 740 995 αὐτους
770 946 847 1001 τῆς
879 942 925 986 ἐκ
949 943 1247 999 διαστήματος
1276 944 1528 996 θεραπείας
1559 939 1745 990 ελπίδας
1775 935 1886 982 ῧπέ-

216 1018 327 1058 θετο
366 1014 572 1072 χρηστάς.
648 1010 748 1068 ἂρτι
788 1012 834 1054 δὲ
880 1028 958 1069 της
997 1009 1308 1064 Πτολεμαίδος
1349 1007 1591 1057 ἑαλωκυίας
1631 1003 1888 1063 αγγέλλεται

222 1078 414 1139 Τιγράνη
446 1081 704 1124 Λεύκολλον
736 1079 952 1123 διώκοντα
984 1076 1281 1133 ,Μιθριδάτην
1320 1073 1486 1118 ἐκείνου
1517 1091 1596 1128 μεν
1628 1075 1887 1130 διαμαρτεῖν

219 1167 282 1201 εις
311 1167 415 1201 τους
439 1147 616 1207 Ἴβηρας
649 1145 972 1204 ἀναφυγόντος,
1010 1144 1089 1202 τὴν
1122 1144 1169 1187 δὲ
1198 1139 1433 1198 Αριιενίαν
1472 1141 1772 1200 πορθήσαντα
1802 1157 1889 1184 πο-

221 1220 410 1274 λιορκεῖν
445 1213 662 1274 Τιγράνης
703 1216 750 1258 δὲ
778 1216 852 1257 καὶ
883 1208 1008 1256 ταῦτ)
1046 1210 1252 1268 έπιγνους
1285 1207 1494 1289 ἀνεχώρει
1530 1209 1609 1265 τὴν
1640 1205 1714 1252 εντ’
1751 1208 1888 1252 οἴκου.

106 1281 189 1322 422
335 1291 373 1328 5.
386 1284 539 1328 ,Μετὰ
570 1284 616 1326 δὲ
637 1300 766 1326 τοι-το
797 1284 875 1339 τῆς
894 1281 1161 1337 βασιλίσσης
1192 1279 1255 1330 εἷς
1281 1279 1412 1322 νόσον
1438 1277 1636 1336 χαλεπὴν
1668 1275 1890 1332 εμπεσού-

221 1369 299 1411 σης
332 1353 465 1404 δόξαν
495 1349 823 1407 Ἀριστοβούλῳ
861 1358 956 1400 τοῖς
987 1348 1243 1405 πράγμασιν
1283 1346 1584 1391 ἐπιτίθεσθαι
1620 1348 1699 1404 τῆς
1735 1343 1889 1395 νυκτὸς

333 1481 352 1520 ξ
378 1480 444 1512 413
469 1495 508 1506 =
537 1475 764 1511 be11.1u‹1.1
793 1477 866 1509 115.

334 1588 701 1625 PFLAMVWELat
713 1588 875 1623 Zonaras
899 1587 917 1621 Ι
942 1597 977 1631 p.
1005 1588 1081 1621 396.

337 1651 352 1682 1
379 1646 457 1689 *οι]
485 1647 505 1683 ὁ
530 1645 753 1681 FLAMVW
882 1640 1176 1691 *ἐργασάιιενοσ
1200 1640 1423 1675 FLAMVW
1545 1642 1565 1674 2
1588 1635 1805 1687 ὑπέστρεψε
1829 1639 1895 1675 FV

221 1720 243 1740 ι
237 1701 435 1750 ’νέστρεψε
460 1706 487 1745 (-
491 1716 532 1740 εν
556 1702 665 1744 A1W)
689 1701 845 1736 LAMW
871 1696 1113 1747 ανὲστρεψαν
1136 1698 1169 1732 Ε
1278 1700 1297 1731 3
1329 1694 1521 1759 Τιγράνης]
1545 1696 1690 1731 PELat
1712 1710 1772 1739 τι)
1774 1693 1894 1743 ράνησ

223 1776 243 1793 n
262 1763 340 1796 τῶν
358 1756 549 1805 αρμενίων
564 1761 679 1806 βασιλ
682 1771 746 1795 ετσ
763 1757 983 1792 FLAMVW
1054 1767 1221 1802 στράτου
1238 1750 1390 1800 μιριάσι
1407 1750 1625 1798 τριάκοντα]
1645 1746 1723 1797 ἅμα
1740 1766 1789 1797 ιιι
1792 1750 1894 1799 ριάσι

221 1820 308 1854 (·σιν
319 1816 382 1858 W)
395 1818 643 1862 στρατιωτῶν
655 1827 892 1860 πεντηκοντα
906 1808 951 1855 (ν’
962 1813 1007 1854 V)
1024 1811 1196 1847 FLAMV
1197 1811 1245 1845 W
1259 1812 1505 1857 στρατιωτῶν
1517 1806 1669 1855 μυριάσι
1686 1806 1893 1856 τριάκοντα

222 1873 254 1908 Ε
279 1884 359 1908 eum
385 1872 554 1907 trecentis
576 1871 720 1906 milibus
743 1875 968 1905 armatorum
992 1870 1063 1904 Lat
1167 1871 1188 1901 4
1212 1863 1482 1913 *ἐμβεβληκὼς
1506 1886 1551 1890 -
1574 1867 1638 1902 καὶ
1661 1876 1730 1901 om.
1756 1866 1827 1900 Lat

222 1929 284 1966 ἐπὶ
308 1926 376 1975 τὴν
400 1927 570 1964 ἰουὸαιάν
593 1927 850 1962 FLAMVWE
875 1931 1005 1962 contra
1030 1925 1195 1960 iudaeam
1223 1923 1292 1957 Lat
1392 1925 1411 1957 6
1437 1923 1573 1969 *δῶρα]
1599 1924 1664 1958 καὶ
1689 1926 1792 1968 δῶρα
1817 1922 1850 1957 V

223 1986 284 2023 *δὲ
307 1986 341 2021 V
410 1988 478 2022 καὶ
501 1980 636 2026 πολλὰ]
661 1986 723 2020 καὶ
749 1985 894 2019 πολλοῦ
916 1982 945 2017 P
970 1979 1092 2018 πολλὰ
1118 1979 1374 2015 FLAMVWE
1478 1976 1636 2025 *λόγουΙ
1661 1976 1733 2025 λόγ
1756 1989 1800 2014 ex
1824 1981 1867 2016 do
1882 1999 1891 2006 -

223 2053 315 2077 corr.
339 2042 371 2076 L
512 2045 529 2075 ἰ·
558 2042 827 2087 πολιορκοῦντι
853 2059 896 2064 -
924 2042 959 2074 11
990 2034 1140 2080 αὐτοὺς]
1171 2048 1275 2084 quem
1310 2035 1527 2072 obsidentem
1556 2035 1819 2081 ptolomaidem
1843 2035 1897 2070 in-

223 2100 396 2139 ueniunt;
418 2109 501 2133 nam
526 2098 655 2141 reyz'na
679 2097 796 2132 selene
821 2106 915 2142 quae
939 2099 973 2130 et
997 2095 1196 2142 cleopatra,
1221 2094 1344 2139 syriae
1368 2103 1526 2138 reqnans
1550 2092 1668 2126 suasit
1683 2091 1897 2127 habitatori-

225 2157 288 2190 lms
306 2153 562 2201 ptolomaidis,
586 2157 627 2189 ut
644 2154 812 2199 tiqranen
828 2152 1078 2189 excluderent.
1111 2152 1270 2197 quicum
1291 2153 1458 2196 peterent
1482 2159 1561 2183 eum
1585 2159 1656 2194 pro
1682 2158 1749 2183 sua
1766 2148 1897 2194 reyina

223 2222 365 2258 proque
388 2221 457 2246 sua
479 2215 598 2257 qente,
623 2209 751 2245 laudat
775 2221 853 2245 cam
880 2210 1042 2254 tigranes
1065 2208 1135 2243 Lat
1227 2208 1538 2252 *πολιορκοῦντι]
1564 2207 1835 2253 πολιορκοῦντι
1859 2205 1898 2243 δὲ

225 2268 371 2303 FLVW
463 2268 680 2320 βασίλισσα·
696 2277 772 2310 sqq.
797 2269 968 2311 corrupta
993 2268 1077 2300 sunt
1169 2266 1188 2299 8
1212 2265 1276 2300 καὶ
1300 2274 1368 2297 om.
1394 2261 1581 2296 FLAMW
1672 2261 1896 2309 καλουμένη]

225 2359 408 2406 λεγοιιένη
431 2358 588 2394 LAMW
614 2324 796 2423 λὲἱκδῗιέένη
819 2357 849 2391 F
979 2356 1164 2401 κατέχειν,
1187 2351 1208 2401 ἢ
1235 2356 1310 2396 καὶ]
1335 2349 1425 2389 κατ’
1449 2350 1596 2399 εἰρήνην
1620 2352 1649 2387 F
1653 2352 1808 2387 LAMW

226 2416 412 2462 κατέχειν]
437 2417 626 2461 κατῆρχεν
649 2414 683 2449 V
708 2409 880 2460 ἀντεῖχεν
905 2413 986 2448 coni
1079 2415 1098 2447 9
1124 2406 1328 2448 α’ποκλεισε
1354 2410 1381 2444 P
1474 2423 1547 2455 τιγ
1537 2407 1654 2455 οάνηι
1677 2409 1899 2444 FLAMVW

341 2475 406 2508 νῦν
429 2469 610 2518 ἐτύγχανε
615 2474 645 2513 ν]
672 2464 949 2517 συνετι’γχιιι··οι
973 2472 1063 2512 (ξιν-
1084 2467 1252 2505 LAMW
1278 2469 1345 2503 oL'v
1370 2461 1473 2502 αιτῶ
1489 2465 1744 2500 FLAMVWE
1769 2465 1901 2510 partim

227 2531 344 2573 recte,
369 2529 431 2564 sed
456 2528 630 2574 quaedam
659 2526 832 2562 excidisse
858 2525 929 2561 uid.
1071 2528 1107 2561 11
1136 2520 1341 2561 υπετίθετο
1368 2523 1401 2557 Ε
1542 2525 1582 2557 12
1608 2520 1847 2568 *ἐαλωκυίησ
1871 2522 1899 2556 P

228 2584 433 2622 ἑαλοκτίασ
456 2585 487 2620 F
591 2588 629 2620 13
654 2581 864 2631 *τιγράνησ
888 2582 919 2617 L
1028 2578 1258 2622 Λεύκολλον]
1285 2578 1501 2616 λοι-κέλλιον
1524 2577 1712 2612 FLAMW
1736 2574 1902 2615 ακὲλαοι·

229 2642 262 2676 E
286 2642 309 2676 i.
328 2651 436 2686 marg.
462 2656 510 2688 γρ
534 2638 762 2679 λεύκουλλον
784 2640 859 2675 ΑΜ
963 2636 1169 2675 *διώκοντι
1192 2637 1221 2672 Ρ
1327 2639 1367 2670 1-1
1391 2635 1471 2677 *εἰς
1495 2645 1564 2669 om.
1590 2634 1618 2668 P
1711 2631 1902 2682 *α’ναφειῗ-

228 2712 373 2744 γοντασ
398 2699 426 2733 Ρ
519 2695 770 2746 πορθήσοντα
795 2697 827 2732 Ε
948 2699 987 2731 15
1014 2693 1196 2743 *τιγράνη
1219 2692 1375 2728 LAMW
1408 2732 1410 2734 ¹
1490 2691 1529 2727 δὲ
1553 2693 1628 2733 καὶ]
1654 2691 1691 2728 δὲ
1716 2691 1814 2727 FVE
1838 2693 1902 2728 καὶ

230 2755 382 2790 LAMW
526 2753 708 2802 Τιγράνης
733 2754 771 2791 δὲ
794 2755 869 2796 καὶ]
895 2763 963 2788 om.
988 2752 1059 2787 Lat
1088 2747 1370 2798 Τιγρανόκερτα
1405 2747 1506 2791 coni,
1540 2747 1704 2791 quamuis
1729 2747 1903 2792 Tigranes

231 2812 343 2847 multo
369 2817 478 2847 antea
503 2812 643 2857 Syriam
667 2811 854 2856 reliquisse
879 2810 1062 2853 uideatur3
1096 2808 1159 2843 sed
1190 2807 1308 2842 minus
1341 2807 1511 2841 accurate
1535 2804 1624 2839 haec
1649 2808 1795 2839 narrata
1819 2810 1904 2839 sunt

346 2871 463 2904 ταῦτα
481 2868 734 2903 FLAMVWE
799 2863 972 2914 α’νεχιόρη
988 2866 1036 2901 W
1102 2867 1142 2900 16
1156 2859 1328 2911 χαλεπὸν
1344 2863 1382 2898 Μ
1400 2863 1435 2897 et
1451 2871 1545 2896 man.
1566 2864 1577 2895 1
1600 2859 1678 2896 cod.
1699 2860 1807 2896 Busb.
1826 2860 1858 2896 Ε

239 2928 273 2959 Π
299 2923 501 2961 ἐπιθέσθαι
527 2925 605 2959 LW

1917 877 1955 910 10

1921 1216 1957 1248 15
