2029 3392
89 597 108 628 δ

72 930 108 963 10

72 1268 108 1301 15

76 1941 115 1974 25

567 197 725 242 AN'rlQ.
751 196 847 232 IUD.
874 195 957 231 XIV
983 198 1160 232 :iol—305
1185 199 1255 238 (xil.
1272 202 1347 238 za)
1703 194 1782 231 295

248 320 286 360 2.
319 314 515 357 Κάσσιον
545 312 623 367 μὲν
653 301 728 354 οὖν
755 311 1002 364 χειροῦνται
1037 304 1268 359 Ἀντώνιός
1297 325 1345 351 τε
1375 309 1445 351 καὶ
1471 311 1644 362 Καῖσαρ
1678 310 1780 362 περὶ
1814 311 1887 349 :ml

139 386 414 432 Φιλίππους,
456 377 516 430 ώς
553 380 623 421 καὶ
664 373 774 432 παρ’
803 373 955 427 ἄλλοις
995 376 1252 431 δεδήλωται.
1311 374 1422 430 μετὰ
1465 375 1509 417 δὲ
1549 373 1626 431 τὴν
1667 378 1785 429 νίκην

139 457 312 506 Καῖσαρ
333 449 411 504 μὲν
433 443 506 491 ἔπ’
523 443 708 495 Ἰταλίας
729 441 893 498 ἐχώρει,
916 441 1148 494 Ἀντώνιος
1171 444 1214 486 δὲ
1240 443 1302 493 εἰς
1322 442 1399 499 τὴν
1421 439 1573 485 Ἀσίαν
1595 437 1784 497 ἀπῆρεν·

137 521 352 576 γενομένῳ
392 516 438 558 δὲ
477 514 520 557 ἐν
557 515 609 570 τῇ
651 515 843 568 Βιθυνίᾳ
884 512 927 553 αἱ
969 511 1254 564 πανταχόθεν
1293 507 1501 568 άπηντων
1540 514 1787 564 πρεσβεῖαι.

138 588 340 643 παρῆσαν
371 583 417 626 δὲ
448 584 519 625 καὶ
537 577 759 625 Ἰουδαίων
791 579 831 621 οἱ
864 578 908 621 ἐν
938 579 1053 621 τέλει
1083 580 1422 635 κατηγοροῦντες
1451 580 1538 620 τῶν
1567 578 1669 631 περὶ
1695 582 1787 618 Φιι-
1820 579 1901 618 302

137 654 299 711 σάηλον
329 653 401 694 καὶ
427 647 643 706 Ἡρώδην,
686 646 920 703 πρόσχημα
957 646 1035 699 μὲν
1075 644 1187 689 εἶναι
1228 647 1423 701 λέγοντες
1452 647 1528 702 τῆς
1558 645 1789 698 βασιλείας

133 719 354 776 Ὑρκανόν,
393 716 573 765 τούτους
604 715 650 758 δὲ
679 713 757 772 τὴν
788 716 939 756 πᾶσαν
971 713 1082 767 ἔχειν
1114 713 1328 764 ἐξουσίαν.
1383 712 1582 771 (Ηρώδην
1614 712 1658 754 δὲ
1691 708 1789 754 Άν-
1822 714 1901 754 303

135 789 292 837 τώνιος
329 784 402 829 διὰ
445 785 613 840 πολλῆς
652 779 740 836 εἶχε
769 784 898 837 τιμῆς
929 777 1122 825 ἐλθόντα
1153 781 1266 836 πρὸς
1298 777 1431 824 αὐτὸν
1462 780 1538 824 ἐπὶ
1570 776 1792 836 ἀπολογίᾳ

136 858 224 899 τών
253 850 619 910 κατηγορούντων,
655 852 726 893 καὶ
759 849 833 894 διὰ
863 852 994 893 τοῦτο
1028 853 1183 906 συνέβη
1215 849 1324 906 μηδὲ·
1357 848 1486 904 λόγου
1517 857 1659 902 τυχεῖν
1690 845 1794 896 τοὺς

137 919 507 970 ἀντιστασιώτας·
545 919 844 973 διεπέπρακτο
877 917 924 960 δὲ
944 919 1074 960 τοῦτο
1096 916 1315 973 χρήμασιν
1332 914 1528 974 Ἡρώδης
1559 911 1669 970 παρ’
1695 910 1794 957 Ἀν-

134 993 307 1033 τωνίου.
368 986 464 1030 ἐπεὶ
507 982 548 1028 δ’
577 985 639 1036 εἷς
660 982 846 1043 Ἔφεσον
887 981 983 1042 ἧκεν
1013 980 1268 1035 Ἀντώνιος,
1309 984 1510 1040 ἔπεμψεν
1536 981 1737 1039 Ὑρκανὸς
1768 979 1790 1025 ὃ
1825 985 1903 1024 304

136 1053 358 1113 ἀρχιερεὺς
397 1057 470 1098 καὶ
508 1053 557 1097 τὸ
598 1053 730 1104 ἔθνος
767 1051 814 1096 τὸ
856 1049 1066 1110 ἡμέτερον
1105 1056 1348 1109 πρεσβείαν
1387 1051 1501 1107 πρὸς
1532 1047 1664 1094 αὐτὸν
1696 1052 1794 1092 στέ-

136 1123 278 1182 φανόν
316 1139 364 1166 τε
400 1122 663 1177 κομίζουσαν
698 1122 884 1175 χρυσοῦν
914 1122 985 1163 καὶ
1017 1121 1361 1174 παρακαλοῦσαν
1390 1119 1494 1171 τοὺς
1525 1119 1794 1173 αἰχμαλωτι-

138 1195 329 1242 σθέντας
361 1187 446 1233 ὑπὸ
481 1192 680 1232 Κασσίου
707 1185 945 1238 Ἰουδαίους
975 1183 1024 1231 οὗ
1057 1187 1176 1243 νόμῳ
1209 1189 1406 1242 πολέμου
1436 1187 1671 1244 γράψαντα
1701 1194 1796 1236 τοῖς

138 1258 247 1303 κατὰ
278 1257 358 1307 τὰς
388 1256 602 1312 ἐπαρχίας
633 1255 892 1312 ἐλευθέρους
923 1252 1146 1299 ἀπολῦσαι
1176 1258 1248 1299 καὶ
1279 1254 1357 1313 τὴν
1375 1255 1534 1311 χώραν,
1568 1253 1617 1311 ἣν
1638 1253 1681 1296 ἐν
1702 1262 1796 1303 τοῖς

142 1330 340 1370 Κασσίου
370 1334 539 1380 καιροῖς
571 1319 876 1381 ἀφῃρέθησαν,
910 1318 1170 1366 ἀποδοῦναι.
1228 1325 1367 1366 ταῦτα
1393 1326 1543 1378 κρίνας
1563 1319 1797 1371 Ἀντώνιος
1828 1324 1908 1362 305

142 1393 292 1446 ἀξιοῖ-ν
325 1394 474 1436 δίκαια
504 1391 606 1441 τοὺς
623 1387 858 1442 Ἰουδαίους
878 1393 1147 1447 παραχρῆμα
1172 1390 1363 1447 ἔγραψεν
1381 1388 1569 1446 Ὑρκανῷ
1598 1391 1671 1433 καὶ
1703 1397 1797 1439 τοῖς

138 1460 386 1513 Ἰουδαίοις,
427 1459 677 1503 ἐπέστειλεν
717 1458 764 1501 δὲ
801 1460 872 1501 καὶ
912 1468 1007 1508 τοῖς
1042 1462 1220 1515 Τυρίοις
1257 1461 1330 1502 καὶ
1371 1458 1592 1514 διάταγμα
1623 1457 1797 1511 ἔπεμπε

143 1533 345 1583 περιέχον
375 1529 526 1570 ταῦτα.

255 1602 292 1641 3.
325 1598 511 1650 ῙΠᾶρκος
530 1593 762 1644 Ἀντώνιος
795 1589 1074 1649 αὐτοκράτωρ
1092 1590 1279 1649 Ὑρκανῷ
1303 1590 1494 1648 ἀρχιερεῖ
1512 1594 1582 1635 καὶ
1607 1590 1796 1647 ἐθνάρχῃ
1831 1593 1911 1634 306

142 1666 214 1706 καὶ
250 1665 311 1719 τῷ
338 1659 562 1706 Ἰουδαίων
605 1661 729 1704 ἔθνει
763 1665 946 1716 χαίρειν.
1008 1661 1046 1704 εἰ
1088 1660 1310 1716 ἔρρωσθε,
1350 1653 1395 1704 εἷ’
1437 1655 1488 1703 ὃν
1521 1660 1622 1714 ἔχοι,
1664 1658 1799 1713 ἔρρω-

141 1749 223 1785 μαι
276 1730 323 1772 δὲ
376 1731 447 1772 καὶ
496 1725 627 1779 αὐτὸς
671 1727 782 1783 μετὰ
826 1730 903 1770 τοῦ
950 1727 1288 1782 στρατεύματος.
1362 1732 1628 1782 Λυσίμαχος
1673 1730 1799 1769 Παυ-
1832 1728 1911 1768 307

144 1802 298 1842 σανίου
343 1799 416 1840 καὶ
454 1792 666 1854 Ἰώσηπος
705 1800 934 1839 ΖΙῚενναίου
979 1798 1051 1839 καὶ
1089 1791 1375 1849 Ἀλέξανδρος
1416 1795 1648 1850 Θεοδώρου
1693 1809 1802 1849 πρε-

144 1867 323 1921 σβευταὶ
365 1864 408 1907 ἐν
434 1859 603 1921 Ἐφέσῳ
641 1880 719 1918 μοι
760 1863 1039 1917 συντυχόντες
1082 1863 1160 1920 τήν
1202 1880 1249 1906 τε
1287 1863 1546 1918 ἔμπροσθεν
1586 1861 1630 1904 ἐν
1665 1858 1801 1917 Ῥώμῃ

144 1935 433 1976 τελεσθεῖσαν
465 1927 614 1982 αἰντοῖς
644 1934 887 1986 πρεσβείαν
918 1926 1216 1974 ἀνενεώσαντο
1255 1932 1328 1973 καὶ
1367 1929 1446 1988 τὴν
1477 1933 1550 1973 νῦν
1580 1926 1692 1985 ὑπὲρ
1724 1930 1804 1971 σοῦ

144 2002 216 2043 καὶ
255 2002 332 2042 τοῦ
371 1999 531 2049 ἔθνους
561 2000 819 2049 σπουδαίως
849 1999 1074 2051 διέθεντο,
1113 1998 1165 2055 ἣν
1202 1999 1312 2052 ἔχεις
1343 1995 1516 2041 εὔνοιαν
1546 1996 1661 2051 πρὸς
1690 1993 1804 2053 ἡμᾶς

146 2066 480 2125 ἐμφανίσαντες.
541 2070 841 2121 πεπεισμένος
863 2057 938 2109 οὖν
958 2068 1031 2109 καὶ
1053 2066 1098 2109 ἐκ
1117 2069 1205 2109 τῶν
1236 2066 1508 2123 πραγμάτων
1538 2067 1610 2108 καὶ
1642 2063 1687 2108 ἐκ
1715 2066 1802 2107 τιῦν
1834 2067 1914 2109 308

257 2180 278 2224 ξ
304 2181 368 2213 300
394 2197 436 2208 =
460 2178 543 2214 ben.
567 2178 645 2214 Iud.
670 2179 687 2212 1
712 2182 790 2214 000.

259 2281 317 2315 PF
322 2279 621 2315 LAMVWELat
633 2279 793 2315 Zonaras
816 2279 832 2314 I
856 2291 892 2323 p.
917 2282 996 2316 409.

263 2341 274 2371 1
304 2337 326 2371 i.
353 2346 462 2380 marg.
487 2332 555 2371 κθ’
580 2335 610 2370 L
718 2338 807 2372 *καὶ
832 2346 899 2370 om.
926 2335 955 2370 F
1050 2332 1070 2372 ὃ
1095 2341 1236 2382 καῖσαρ
1260 2336 1324 2370 ΡΕ
1417 2338 1436 2369 2
1462 2331 1514 2378 ὡς
1538 2355 1580 2360 -
1605 2332 1806 2381 δεδήλωται

148 2404 216 2429 om.
241 2393 307 2428 VE
378 2387 472 2436 παρ’
498 2386 638 2433 ἄλλοις]
663 2392 707 2427 ab
733 2393 816 2427 aliis
839 2393 910 2427 Lat
1001 2395 1020 2428 3
1044 2387 1110 2428 ἐπ’
1134 2387 1299 2435 Ἰταὶλας]
1324 2392 1416 2426 redit
1431 2391 1478 2426 W
1548 2387 1616 2428 ἐπ’
1640 2387 1807 2434 Ἰταλίας]

147 2449 296 2485 Aldrich
321 2459 365 2484 ex
381 2448 451 2483 Lat
467 2451 502 2482 et
518 2447 599 2482 bell.
618 2447 697 2483 Iud.
722 2447 783 2485 ἐπὶ
807 2450 967 2495 γαλλίασ
991 2451 1139 2496 (γαλίασ
1160 2449 1256 2492 FE1)
1280 2449 1383 2484 codd.
1403 2448 1435 2483 E
1458 2447 1508 2483 ad
1530 2448 1668 2483 italiam
1691 2447 1763 2482 Lat

148 2505 242 2548 *εἰς]
266 2504 327 2542 ἐπὶ
352 2504 379 2538 P
473 2507 493 2538 4
517 2499 581 2539 *δ’
606 2504 639 2539 V
745 2505 933 2551 *βηθυνία
959 2506 986 2540 Ρ
1097 2502 1163 2542 *αὶ
1186 2516 1254 2541 om.
1281 2506 1355 2540 AM
1445 2501 1665 2550 *οἷπήντουν
1688 2503 1716 2538 Ρ

151 2565 169 2596 5
195 2562 311 2603 *τῶν]
337 2557 406 2597 τὸν
432 2561 460 2595 F
538 2564 554 2594 ἵ
582 2554 766 2597 *ἅπασαν
790 2561 977 2597 FLAMW
1068 2563 1090 2597 i.
1117 2573 1227 2606 marg.
1254 2559 1289 2597 λ’
1315 2561 1344 2595 F
1437 2564 1456 2595 8
1481 2556 1576 2597 *ἐπ’
1600 2560 1633 2595 V
1705 2563 1743 2596 11
1770 2559 1809 2597 δὲ

149 2617 305 2652 AMWE
400 2619 439 2651 12
464 2613 510 2653 τὸ
535 2614 720 2664 ἡμέτερον
744 2628 811 2652 om.
837 2617 869 2651 E
965 2621 1004 2653 13
1029 2631 1071 2655 τε
1095 2629 1163 2653 om.
1188 2618 1270 2652 WE
1376 2622 1412 2651 17
1440 2617 1593 2653 *δίκαια
1618 2614 1710 2654 τοὺσ
1734 2616 1809 2653 lov·-

152 2674 284 2709 δαίουσ
307 2669 435 2716 άξιοῦν
459 2670 674 2716 (α’ξιοῦντασ
698 2673 740 2716 F)
764 2678 809 2709 tr.
835 2674 1051 2709 FLAMVW
1121 2677 1185 2710 καὶ
1209 2671 1303 2711 τοὺσ
1327 2674 1521 2710 ἰουδαίουσ
1536 2673 1584 2708 W
1656 2675 1696 2708 18
1721 2667 1811 2709 α’πέ-

153 2732 274 2766 στειλε
297 2730 337 2764 Μ
427 2730 465 2767 δὲ
491 2741 558 2765 om.
586 2730 630 2764 W
721 2733 785 2766 καὶ
809 2734 900 2772 τοῖς]
925 2724 1003 2775 ἅμα
1027 2732 1091 2766 καὶ
1114 2730 1446 2766 FLAMVWELat
1535 2731 1598 2765 καὶ
1622 2726 1808 2774 διάταγμα

155 2781 308 2829 ἔπεμπε]
332 2783 515 2833 διάταγμα
540 2786 838 2822 FLAMVWLat
861 2788 924 2823 καὶ
948 2784 1132 2833 διάταγμα
1158 2785 1326 2833 ἔγραψεν
1348 2786 1381 2821 Ε
1489 2788 1528 2821 19
1553 2784 1739 2831 περιέχων
1761 2784 1810 2819 W

268 2844 309 2876 20
333 2840 511 2889 ἐθνάρχει
535 2844 562 2877 Ρ
700 2845 740 2878 21
766 2845 829 2879 καὶ
861 2845 927 2891 τῷ]
959 2854 1027 2878 om.
1052 2842 1316 2879 FLAMWLat
1345 2845 1422 2878 τῶν
1445 2842 1477 2877 V
1615 2838 1716 2878 ἔθνει
1739 2851 1808 2876 om.

156 2895 453 2934 FLAMVWLat
522 2897 714 2945 ἔρρωσθαι
738 2898 766 2933 Ρ
859 2901 901 2933 23
926 2896 1127 2945 ἰώσηπποσ
1150 2898 1253 2934 LLat
1328 2898 1464 2944 μενέου
1486 2898 1514 2932 Ρ
1540 2897 1673 2932 minnei
1694 2897 1767 2931 Lat

159 2953 201 2986 25
226 2949 293 2997 τὴν
316 2957 392 2996 νῦν]
417 2951 485 3001 τὴν
507 2955 535 2990 Ρ
560 2955 653 2990 hano
677 2955 747 2990 Lat
822 2957 862 2990 26
887 2953 1175 3002 ἐμφανίσαντασ
1198 2955 1246 2991 W
1334 2958 1399 2992 καὶ
1422 2966 1490 2991 om.
1516 2955 1546 2990 F
