2029 3392
49 928 86 962 10

48 1266 84 1299 15

48 1606 85 1639 20

533 197 691 241 ANTIQ.
720 196 813 232 IUD.
840 196 925 231 xlu
952 199 1129 231 21⁴‹219
1153 199 1374 238 (v1.·1.vn.1)
1701 197 1773 233 191

122 308 346 369 είιεργείτου
364 309 583 355 Ἰουδαίων
604 312 672 353 καὶ
698 308 938 365 ἐθνάρχου·
971 306 1207 366 εὐτύχησαν
1241 308 1322 364 γὰρ
1346 304 1419 350 ἐπ’
1448 303 1579 350 αὐτοῦ
1603 308 1778 364 σφόδρα

122 383 190 423 καὶ
224 383 310 422 τῶν
343 379 513 434 ἐχθρῶν
543 380 628 420 τῶν
661 380 899 431 περιοίκων
931 376 1186 432 ἐκράτησαν.
1247 379 1578 430 κατεστρέψατο
1599 374 1680 430 γὰρ
1703 379 1778 417 Σί-

120 465 215 502 mm
240 443 414 502 Γάζαρα
445 462 492 489 τε
524 445 655 487 πολιν
683 446 754 487 καὶ
783 441 966 523 Ἰόππην
997 447 1066 487 καὶ
1099 444 1324 498 Ἰάμνειαν,
1357 444 1413 486 ἐκ
1414 442 1702 498 τολξιορκισάς
1734 443 1777 485 δὲ

120 517 189 558 καὶ
229 516 307 572 τὴν
348 514 392 557 ἐν
428 523 522 564 τοῖς
548 511 866 567 Ἰεροσολύμοις
906 508 1042 566 ἄκραν
1081 511 1143 562 είς
1183 512 1349 568 ἔδαφος
1388 508 1521 568 αὐτὴν
1559 510 1777 559 καθεῖλεν,

119 580 178 634 ὡς
208 577 260 625 ἂν
289 581 346 640 μη
379 590 472 632 τοῖς
504 580 680 635 ἐχθροῖς
712 576 978 636 ὁρμητήριον
1008 577 1033 636 η
1057 581 1521 633 καταλαιιράιιομένοις
1549 573 1682 632 αιῖτην
1702 594 1778 618 του

118 653 259 702 κακῶς
290 658 448 701 ποιεῖν,
480 665 540 699 ως
571 649 642 690 καὶ
673 646 787 689 τότε.
847 648 918 689 καὶ
949 649 1079 688 τοῦτο
1113 662 1306 702 τοιησας
1334 644 1515 700 ἄριστον
1546 645 1687 688 ἐδόκει
1707 646 1778 688 καὶ

120 722 342 776 συμφέρον
373 719 444 760 καὶ
475 715 523 758 τὸ
557 713 659 793 ὄρος
691 710 765 771 ἐφ
793 710 841 757 οὗ
872 713 950 771 την
983 712 1116 768 α’κραν
1149 712 1260 757 εἶναι
1284 718 1534 767 σιιθιιεράιιεν
1556 714 1776 764 καθελεῖν,

118 781 243 836 όπως
275 782 583 842 ὑψηλότερον
578 802 601 840 ι,
630 782 679 825 τὸ
715 782 844 836 ἱερόν.
905 783 976 824 καὶ
1010 781 1059 837 δι’]
1093 778 1213 825 τοιτ’
1241 782 1425 824 ἔπειθεν
1457 781 1519 831 εἰς
1549 780 1778 838 ἐκκλησίαν

116 855 302 903 καλέσας
332 850 381 895 τὸ
416 853 594 909 πλῆθος
631 846 711 894 ’ὑπ’
740 847 872 893 αὐτοῦ
909 854 1138 905 γίνεσθαι,
1180 867 1240 892 ων
1278 867 1324 892 τε
1364 850 1395 892 ἴι
1395 854 1541 892 ἰαθον
1574 846 1659 891 ὗπο
1692 850 1778 890 τῶν

115 922 318 978 φρουρῶν
348 921 419 963 καὶ
451 922 538 962 τῶν
569 918 777 976 φυγάδων
803 914 1026 962 Ἰουδαίων
1057 915 1417 976 ὑπομιμνήσκων,
1451 917 1479 959 c‘c'
1504 933 1551 959 τε
1582 915 1779 959 πάθοιεν

118 985 182 1040 ἄν,
215 987 254 1030 εἷ
284 987 421 1030 πάλιν
451 986 662 1040 κατάσχοι
692 985 770 1042 την
799 987 1030 1039 βασιλείαν
1063 981 1314 1042 ἀλλόφυλος
1353 987 1550 1042 φρουρᾶς
1595 982 1638 1026 ἒν
1670 979 1778 1039 αὐτῇ

115 1059 487 1112 κατασταθείσης.
546 1057 684 1097 ταῦτα
726 1056 861 1110 λέγων
902 1057 1058 1097 πείθει
1097 1053 1145 1097 τὸ
1185 1055 1364 1111 πλῆθος
1395 1054 1626 1108 παραινῶν
1660 1046 1775 1106 αὐτη)

116 1122 169 1166 τὰ
201 1127 495 1181 συμφέροντα.
556 1125 628 1166 καὶ
669 1122 832 1173 πάντες
870 1121 1198 1177 προσβαλόντες
1229 1121 1455 1178 καθῄρουν
1485 1119 1534 1163 τὸ
1573 1116 1676 1175 ὅρος
1705 1120 1777 1161 καὶ

115 1191 223 1248 μήτε
255 1190 407 1242 νυκτὸς
436 1187 548 1247 μηθ’
588 1188 749 1248 ἡμέρας
781 1186 1078 1244 ἀπολυόμενοι
1108 1192 1185 1232 τοῦ
1218 1189 1342 1245 ἔργου
1372 1191 1516 1245 τρισὶν
1549 1183 1653 1230 αὐτὸ
1686 1196 1779 1237 τοῖς

115 1262 254 1303 πᾶσιν
286 1275 428 1303 ετεσιν
458 1276 700 1315 κατηγαγον
733 1257 795 1308 εἷς
826 1257 991 1315 ε’δαφος
1027 1259 1099 1301 καὶ
1132 1256 1314 1312 πεδινην
1346 1256 1563 1313 λειότττα.
1623 1273 1695 1297 και
1726 1253 1774 1297 τὸ

116 1327 277 1370 λοιπὸν
309 1326 466 1381 ἐξεῖχεν
499 1345 539 1369 α
539 1326 709 1369 σάντων
749 1325 796 1369 τὸ
842 1324 958 1381 ἱερὸν
995 1342 1072 1383 της
1105 1322 1240 1380 ἄκρας
1270 1327 1341 1368 καὶ
1372 1327 1450 1367 τοῦ
1481 1339 1610 1379 οροιις
1642 1318 1714 1379 ἐφ’
1741 1339 1774 1364 ι)

116 1393 166 1451 ι,’ν
197 1398 528 1452 καθηρημέιιιιιν.
589 1396 658 1437 καὶ
691 1411 745 1436 τα
777 1394 855 1447 ιιὲν
889 1409 920 1435 ε
920 1395 962 1435 Li
987 1397 1219 1447 Σίμωνος,
1209 1396 1469 1449 πραχθέντα
1490 1394 1645 1434 τοῦτον
1668 1387 1778 1443 εἶχεν

114 1462 189 1505 τὸν
220 1462 400 1516 τρόπον.

230 1532 321 1574 VII.
358 1535 392 1573 1.
426 1526 544 1573 ,Μετ’
571 1527 619 1572 οὐ
651 1528 766 1572 πολὺ
799 1529 845 1572 δὲ
875 1531 952 1585 τῆς
983 1529 1286 1583 αἰχμαλωσίας
1316 1530 1392 1585 τῆς
1413 1531 1670 1584 Δημητρίου
1700 1525 1776 1569 τὸν

115 1594 403 1654 Ἀλεξάνδρου
425 1597 521 1641 υἱὸν
537 1593 772 1650 Ἀντίοχον,
797 1596 845 1647 ὂς
865 1598 936 1639 καὶ
964 1595 1076 1646 Θεὸς
1097 1595 1335 1653 ἐπεκλήθη,
1359 1594 1548 1652 Τρύφων
1571 1595 1777 1652 διέφθει-

116 1682 187 1721 ρεν
220 1665 527 1722 ἑπιτροπευων
571 1662 704 1707 αυτοῦ
742 1668 938 1720 τέσσαρα
972 1663 1297 1718 βασιλεύσαντα
1329 1663 1416 1721 ἔτη.
1476 1665 1549 1706 καὶ
1578 1661 1655 1705 τὸν
1685 1664 1776 1715 με’ν,

115 1730 175 1784 (ὃς
210 1732 505 1809 χειριζόμενος
515 1728 797 1809 ἀποθάνοι,
841 1731 1102 1788 διηγγειλεν·
1141 1748 1243 1781 τοις
1284 1731 1330 1773 δὲ
1369 1732 1526 1787 φίλους
1563 1732 1637 1773 καὶ
1675 1745 1777 1779 τοις

227 1837 248 1879 ξ
274 1836 407 1870 215—
363 1852 407 1865 =
430 1834 656 1871 bell.Iud.1
683 1838 736 1869 50.

219 1900 509 1960 PFLAMVWE
520 1925 589 1959 Lat
601 1925 760 1960 Zonaras
785 1924 802 1958 Ι
826 1935 861 1968 p.
888 1926 966 1958 385.

229 1985 242 2016 1
271 1980 473 2028 ἐθνάρχου]
499 1978 669 2028 ἐπάρχου
692 1980 850 2015 AMWE
992 1975 1149 2021 *αὖτοῦ]
1175 1974 1276 2015 αὐτῶ
1300 1978 1403 2012 LAM
1437 1973 1553 2014 αὐτοῦ
1578 1974 1634 2013 ὠσ
1657 1977 1687 2010 F

114 2042 133 2073 2
151 2037 334 2085 *ἐχθρῶν]
351 2037 476 2074 ἐθνῶν
490 2037 531 2081 L,
548 2038 571 2073 i.
586 2048 694 2081 marg.
709 2051 757 2084 γρ
774 2036 899 2073 ἐθνῶν
910 2038 943 2070 Α
956 2050 1003 2081 γρ
1019 2039 1097 2072 τῶν
1112 2035 1238 2072 ἐθνῶν
1254 2036 1293 2071 Μ
1363 2038 1382 2069 3
1396 2029 1568 2082 Γάζαρά]
1586 2033 1779 2068 AMWLat

112 2095 193 2131 bell.
222 2096 297 2130 Iud.
323 2091 443 2141 γάζαν
467 2094 526 2129 PF
529 2094 594 2129 LV
619 2105 698 2128 eum
718 2098 747 2129 1.
766 2094 930 2130 Maccab.
950 2093 1036 2127 XIII
1062 2096 1104 2128 43
1130 2095 1165 2128 et
1189 2093 1271 2127 belli
1294 2092 1372 2128 Iud.
1396 2092 1496 2127 libris
1522 2090 1732 2135 quibusdam

111 2149 264 2196 ἰάμνιαν
288 2152 336 2184 Αι
360 2153 396 2185 et
418 2161 462 2185 ex
487 2161 579 2186 corr.
606 2150 634 2184 F
661 2150 814 2195 ἰαμνιάν
838 2150 886 2185 W
994 2153 1012 2184 5
1038 2149 1432 2195 καταλαμβανομένῃσ
1457 2148 1487 2183 F
1592 2150 1611 2182 6
1635 2150 1778 2190 κακῶσ,

113 2211 145 2244 ῶ
167 2208 203 2242 in
230 2221 251 2244 ο
277 2217 369 2242 corr.
394 2206 424 2240 L
494 2208 557 2243 καὶ
583 2213 680 2245 (ante
704 2209 835 2249 τοῦτο)
859 2217 928 2241 om.
954 2207 1002 2241 W
1084 2210 1101 2240 7
1129 2205 1336 2252 συμφέρον]
1361 2204 1556 2251 συμφέρον
1581 2201 1676 2240 εἶναι
1700 2203 1733 2237 V

112 2262 216 2311 ὅρος]
244 2262 342 2308 ὄροσ
365 2263 404 2300 δὲ
428 2262 618 2297 LAMWE
689 2255 744 2304 οὗ]
769 2262 801 2297 Ε
829 2258 850 2299 ὃ
867 2261 895 2296 Ρ
920 2256 950 2298 ὦ
967 2263 1188 2298 FLAMVW
1256 2265 1436 2299 καθεῖλεν
1458 2261 1556 2297 FLV
1574 2263 1609 2296 et
1625 2261 1646 2295 i.
1665 2270 1776 2304 marg.

109 2321 183 2357 AM
206 2323 385 2357 καθελεῖν
409 2316 505 2366 ἔγνω
532 2319 564 2354 Ε
658 2322 676 2354 8
703 2313 809 2361 ὅπως
826 2340 866 2344 -
889 2322 929 2353 12
954 2321 1077 2356 πείθει
1101 2329 1170 2355 om.
1195 2318 1266 2353 Lat
1356 2314 1608 2364 ὑψηλότερον]
1632 2313 1780 2363 ὑψηλὸν

111 2398 297 2435 PAMWE
367 2386 726 2435 vofizo‘FLAMVW
797 2402 816 2434 9
840 2398 1019 2444 γενέσθαι
1035 2399 1108 2433 AM
1200 2375 1372 2434 *ἕπαθὲν
1395 2396 1425 2430 L
1522 2400 1560 2431 10
1585 2398 1778 2443 φρουρῶν]

112 2453 368 2503 φρουράρχων
391 2455 424 2490 V
516 2452 731 2501 *φυγάδωη
758 2452 1015 2502 φρουράρχων
1038 2454 1098 2488 PF
1124 2456 1306 2501 φρουρῶν
1329 2454 1362 2489 V
1431 2453 1613 2489 *ἰουὸαϊοι
1639 2452 1733 2486 PFV

112 2505 149 2554 α’]
174 2512 228 2548 ὠν
252 2511 284 2546 Ε
357 2514 392 2546 11
422 2508 470 2548 α’ν
495 2522 562 2546 om.
588 2511 618 2546 E
688 2508 859 2557 κατάσχῃ
884 2510 949 2545 VE
1030 2514 1071 2546 14
1095 2508 1208 2555 *μήτε
1232 2507 1377 2557 ἡμέρασ
1399 2507 1493 2556 μήτε
1517 2506 1657 2545 νυκτὸσ
1681 2509 1725 2543 tr.
1744 2507 1777 2543 V

111 2578 177 2602 nec
200 2567 256 2602 die
280 2578 345 2603 nec
367 2572 473 2603 nocte
496 2567 566 2602 Lat
701 2565 809 2613 μήθ’]
834 2563 924 2613 μήτ’
950 2567 976 2601 Ρ
1006 2563 1100 2612 μήτε
1122 2565 1378 2601 FLAMVWE
1515 2560 1648 2606 *αὖτὸ]
1674 2559 1778 2601 αὐτῶ

112 2622 177 2657 LA
248 2627 287 2659 15
313 2623 376 2666 εἰς]
403 2624 460 2660 εἰσ
484 2621 529 2661 τὸ
555 2624 588 2659 Ε
681 2620 865 2669 *λιότῃτα
891 2623 918 2657 Ρ
941 2625 1005 2658 καὶ
1028 2619 1203 2670 λειότητα
1219 2621 1248 2656 F
1323 2624 1363 2657 16
1389 2620 1557 2667 *ἐξεῖχεν
1580 2618 1773 2662 ἁπάντων]

113 2679 323 2714 eminentius
347 2680 542 2716 excelleret
565 2680 637 2715 Lat
728 2678 907 2726 *ἐξεῖχεν,
930 2693 953 2725 χ
977 2679 1001 2713 i.
1020 2689 1091 2714 ras.
1110 2681 1141 2712 A
1239 2674 1459 2720 *c‘mcc'vzwv]
1486 2672 1589 2715 ἅπαν
1613 2677 1708 2711 PFV

113 2730 177 2780 ἐφ’
202 2727 245 2783 ᾧ]
269 2730 334 2781 ἐφ’
360 2731 421 2772 oia
444 2735 524 2771 LW
547 2732 616 2782 ὑφ’
643 2732 703 2773 οἷσ
727 2736 801 2771 ΑΜ
924 2739 963 2771 17
988 2734 1275 2782 καθῃρημένων]
1299 2734 1565 2781 καθῃρημένον
1588 2734 1618 2768 F
1645 2730 1775 2780 άνηρη-

113 2790 228 2835 με’νον
251 2790 364 2826 LVW
389 2787 632 2839 ἀνῃρημένων
656 2793 729 2828 eti.
748 2803 858 2836 marg.
883 2790 925 2828 ἐν
949 2788 1051 2828 ἄλλα)
1076 2789 1130 2832 (ἐν
1155 2789 1257 2827 ἄλλω
1283 2801 1352 2825 om.
1370 2791 1422 2833 M)
1446 2804 1494 2837 γρ
1517 2789 1776 2836 κατῃριπωμέ·

116 2859 191 2882 νων
206 2846 276 2880 AM
347 2844 526 2893 σὴμωνοσ
549 2848 578 2882 Ρ
648 2848 895 2896 προαχθέντα
913 2847 951 2882 Μ
1024 2850 1064 2882 19
1090 2849 1155 2893 τῆς
1179 2849 1276 2888 (ante
1292 2849 1410 2892 Δῃμ.)]
1436 2849 1505 2884 τοῦ
1520 2845 1776 2881 FLAMVWE

228 2903 269 2936 20
293 2898 550 2950 *ἀλέξανδρον
565 2904 645 2939 LW
717 2907 759 2940 22
785 2903 836 2946 ὡς
857 2900 1129 2951 χειριζόμενος]
1156 2901 1515 2950 προσχαριζόμενοσ
1545 2899 1602 2939 ῶσ
1619 2902 1774 2938 AMWE

114 2953 165 2999 ὡς
190 2954 425 3003 σχαζόμενος
448 2959 569 2995 Naber
661 2957 869 3006 *ἀποθάνῃ
892 2960 924 2995 V
1017 2957 1183 3006 διήγγελε
1208 2959 1240 2994 Ε

1810 379 1889 417 215

1811 779 1890 819 216

1761 1052 1777 1058 ”
1810 1051 1889 1090 217

1808 1526 1889 1566 218

1808 1730 1889 1771 219
