2029 3392
34 949 71 982 10

32 1286 70 1320 15

35 1626 74 1659 20

534 214 693 260 ANTIQ.
720 213 816 250 IUD.
842 213 928 248 xm
955 216 1133 250 320-320
1157 218 1229 256 (ΧΗ.
1249 221 1320 256 ιτ)
1678 214 1755 251 211

100 334 305 390 λεγομένη
340 331 386 374 δὲ
409 327 494 373 ὑπὸ
514 326 723 384 Ἑλλήνιον
745 322 1022 380 Ἀλεξάνδρα,
1056 327 1224 370 λύσασα
1245 326 1348 378 τοί-ς
1370 322 1590 383 ἀδελφοῖς
1613 321 1759 377 αι’·τοῦ,

101 400 355 455 δεδεμένους
383 396 466 453 γὰρ
497 394 654 445 αὐτούς
686 392 797 448 εἶχεν
827 391 1186 449 Ἀριστόβουλος,
1223 393 1282 445 ὥς
1314 393 1651 451 προειρήκαμεν,
1680 390 1761 436 Ἰα-

103 476 225 511 ναῑον
254 466 331 509 τὸν
360 466 431 508 καὶ
451 462 736 517 Ἀλέξανδρον
766 463 954 516 βασιλέα
975 466 1242 520 καθίστησιν
1264 461 1340 505 τὸν
1361 463 1432 504 καὶ
1456 456 1564 503 καθ’
1592 459 1761 518 ἡλικίαν

101 534 348 590 προύχοντα
378 533 448 574 καὶ
478 529 764 586 μετριότητα,
804 524 841 585 ᾦ
880 531 950 572 καὶ
992 533 1147 587 συνέβη
1179 533 1435 587 γεννηθέντι
1467 527 1601 578 εὐθὺς
1630 543 1761 585 μιση-

99 604 237 658 θῆναι
276 597 362 643 ’ὑπὸ
401 600 478 641 τοῦ
518 596 689 653 πατρὸς
726 598 797 639 καὶ
840 600 963 651 μέχρι
1004 600 1080 655 τῆς
1109 600 1311 655 τελευτῆς
1352 594 1484 640 αι’·τοῦ
1515 598 1668 654 μηκέτι
1701 596 1764 646 εἰς

99 666 210 723 ὄψιν
241 664 499 725 ἀφικέσθαι.
546 664 594 708 τὸ
629 660 669 706 δ’
697 665 840 709 αἴτιον
862 667 938 708 τοῦ
960 669 1118 719 μίσους
1139 665 1312 708 τοιόνδε
1334 666 1506 720 λέγεται
1526 666 1736 720 γενέσθαι
1751 676 1760 684 ·

100 739 289 792 στέργων
319 733 514 789 μάλιστα
544 734 631 775 τῶν
664 734 840 776 παίδων
857 730 1061 789 Ὑρκανὸς
1091 732 1191 781 τοῖς
1225 735 1547 787 πρεσβυτέροις
1567 728 1762 787 Ἀντίγο*

100 821 173 847 νον
203 804 276 846 καὶ
305 797 642 857 Ἀριστόβουλον
674 803 867 857 φανέντα
907 799 1018 843 κατὰ
1057 799 1160 850 τοὺς
1200 799 1364 849 ὕπνους
1397 796 1515 855 αὐτῷ
1546 798 1622 842 τὸν
1652 798 1764 841 θεὸν

100 870 318 928 ἐπηρώτα,
350 873 417 919 τίς
449 864 581 910 αὐτοῦ
612 870 700 910 τιῦν
730 868 907 910 παίδων
937 868 1086 922 μέλλει
1123 866 1309 909 ἔσεσθαι
1344 867 1561 920 διάδοχος.
1607 869 1685 909 τοῦ
1717 867 1763 909 δὲ

99 940 209 982 θεοῦ
229 935 332 987 τοὺς
351 936 507 979 τούτου
527 938 804 994 χαρακτῆρας
835 935 1072 987 δείξαντος,
1106 936 1327 992 λυπηθεὶς
1359 929 1426 977 ὅτι
1458 937 1546 976 τῶν
1579 931 1765 990 ιἰγαθιῦν

98 1001 235 1050 αὐτοῦ
264 1003 444 1047 πάντων
476 999 603 1054 οὗτος
634 1003 760 1046 ἔσται
788 1003 1070 1061 κληρονόμος,
1102 1002 1334 1058 γενόμενον
1357 1002 1504 1045 εἴασεν
1536 1001 1579 1044 ἐν
1599 1004 1653 1058 τῇ
1678 1005 1765 1043 Γα-

99 1074 251 1129 λιλαία
287 1074 553 1129 τρέφεσθαι.
622 1070 644 1115 ὁ
686 1074 838 1126 μέντοι
878 1070 989 1122 θεὸς
1035 1066 1083 1113 οὗ
1127 1069 1395 1126 διεψεύσατο
1435 1070 1511 1112 τὸν
1548 1066 1764 1125 Ὑρκανόν.

96 1139 175 1199 τὴν
207 1141 254 1184 δὲ
282 1140 514 1194 βασιλείαν
543 1139 654 1194 μετὰ
685 1139 763 1197 τὴν
792 1135 1133 1194 Ἀριστοβούλου
1164 1136 1369 1193 τελευτὴν
1401 1133 1530 1187 οὗτος
1560 1137 1765 1193 παραλα-

96 1208 188 1264 βών
227 1206 304 1250 τὸν
341 1207 420 1262 μὲν
450 1210 537 1250 τιῦν
569 1203 776 1264 ἀδελφῶν
806 1206 1113 1263 ἐπιχειροῦντα
1152 1208 1203 1262 τῇ
1242 1207 1449 1263 βασιλεία
1491 1204 1764 1262 διεχρήσατο,

98 1275 175 1319 τὸν
207 1271 248 1318 δ’
275 1274 421 1331 ἕτερον
453 1271 751 1332 ἀπραγμόνως
783 1274 856 1333 ζήν
888 1273 1242 1331 προαιρούμενον
1275 1271 1384 1327 εἶχεν
1416 1272 1459 1316 ἓν
1489 1274 1608 1330 τιμῇ.

213 1346 252 1386 2.
299 1342 699 1400 Καταστησάμενος
745 1343 791 1386 δὲ
829 1342 908 1398 τὴν
948 1338 1079 1400 ἀρχὴν
1119 1340 1168 1384 ὃν
1208 1337 1318 1397 ᾤετο
1367 1343 1606 1397 συμφέρειν
1646 1334 1764 1394 αύτῷ

99 1410 269 1467 τρόπον
300 1410 527 1465 στρατεύει
560 1409 636 1454 ἐπὶ
667 1411 968 1465 Πτολεμαΐδα,
1000 1412 1054 1467 τῇ
1086 1410 1132 1452 δὲ
1163 1408 1276 1465 μα’χῃ
1309 1407 1530 1466 κρατήσας
1553 1406 1766 1450 ἐνέκλεισε

100 1479 202 1529 τοὺς
235 1475 506 1533 ἀνθρώπους
538 1478 598 1527 εἰς
630 1478 708 1536 τὴν
739 1479 872 1522 πόλιν
902 1480 974 1521 καὶ
998 1480 1296 1532 περικαθίσας
1320 1472 1478 1526 αὐτοῖς
1500 1474 1765 1530 ἐπολιόρκει.

101 1550 189 1590 τιῦν
218 1546 300 1603 γὰρ
332 1546 376 1589 ἐν
414 1548 467 1602 ‘cf'
499 1547 701 1604 παραλίᾳ
731 1547 987 1601 Πτολεμαῒς
1027 1541 1146 1600 αὐτῷ
1183 1546 1257 1587 καὶ
1290 1543 1410 1596 Γάζα
1448 1544 1581 1598 μόναι
1608 1559 1766 1598 χειρω-

103 1617 242 1671 θῆναι
280 1611 600 1666 ὖπελείποντο,
646 1616 718 1657 καὶ
759 1614 932 1665 Ζώιλος
976 1613 1023 1656 δὲ
1062 1610 1084 1655 ὁ
1127 1611 1356 1665 κατασχών
1393 1611 1469 1655 τὸν
1509 1601 1767 1665 Στράτωνος

102 1683 269 1738 πύργον
306 1681 517 1737 τύραννος
554 1683 627 1724 καὶ
668 1684 818 1737 Διῦρα.
877 1683 956 1724 τοῦ
995 1681 1042 1723 δὲ
1092 1679 1399 1737 Φιλομήτορος
1428 1676 1653 1732 Ἀντιόχου
1692 1678 1764 1719 καὶ

99 1753 179 1793 τοῦ
210 1746 405 1807 ἀδελφοῦ
437 1750 570 1793 αὐτοῦ
600 1746 839 1802 Ἀντιόχου,
871 1748 920 1800 ὃς
952 1748 1206 1792 ἐπεκαλεῖτο
1235 1746 1485 1804 Κυζικηνός,
1518 1744 1765 1800 πολεμούν-

100 1834 189 1860 των
221 1813 434 1874 ἀλλήλους
464 1819 539 1860 καὶ
569 1816 647 1875 τήν
679 1812 824 1860 αὐτῶν
855 1816 1038 1871 δύναμιν
1072 1812 1359 1858 ἀπολλύντων
1390 1805 1441 1870 ἦν
1467 1809 1652 1868 οὐδεμία
1673 1821 1767 1862 τοῖς

101 1886 435 1939 Πτολεμαεῦσιν
455 1884 649 1941 βοήθεια
671 1880 782 1939 παρ’
810 1880 965 1928 αὐτῶν.
1008 1880 1120 1926 ἀλλὰ
1143 1885 1434 1936 πονουμένοις
1454 1884 1508 1938 τῇ
1529 1882 1767 1937 πολιορκίᾳ

215 2009 237 2053 ς
263 2011 327 2043 320
351 2024 395 2036 =
421 2009 499 2044 beu.
526 2008 604 2043 1ud.
628 2008 646 2043 1
670 2010 726 2044 85.

213 2109 462 2145 PFLAMWE
472 2110 541 2145 Lat
552 2109 713 2144 Zonaras
736 2109 765 2144 Ι.
790 2120 826 2154 p.
845 2111 922 2144 393.

196 2170 210 2202 1
237 2166 306 2203 *δὲ
329 2176 398 2201 om.
423 2166 454 2200 L
546 2161 642 2211 *ὑφ’
666 2165 821 2199 LAMW
907 2167 927 2198 2
951 2161 1111 2206 *αὐτοὺς
1134 2174 1203 2199 om.
1228 2164 1276 2198 W
1368 2168 1519 2199 ἰἀναιον
1543 2162 1571 2196 Ρ
1597 2162 1768 2198 ιάνναῖον

101 2227 177 2266 (αῑο
203 2233 247 2259 ex
272 2233 361 2258 corr.
387 2222 434 2265 A)
458 2221 594 2256 FLAM
619 2221 772 2257 ἰαννέαν
796 2221 877 2255 WE
903 2221 1070 2256 iamzeum
1094 2220 1165 2255 Lat
1264 2223 1283 2254 3
1309 2220 1397 2255 *καὶ
1424 2229 1492 2253 om.
1518 2218 1598 2253 FW
1697 2214 1768 2253 τὸν

101 2281 165 2316 καὶ
189 2290 258 2315 om.
283 2280 316 2314 E
461 2281 481 2312 4
506 2275 766 2325 *μετριότατα
791 2277 822 2311 L
847 2273 1064 2323 μετριότητι
1090 2276 1171 2311 coni
1307 2277 1370 2312 καὶ
1395 2286 1462 2310 om.
1487 2274 1675 2308 LAMWE

102 2333 247 2373 *εὐθὺσ
272 2334 489 2382 γεννηθέντι
513 2338 556 2369 tr.
581 2334 704 2368 AMW
798 2337 817 2367 5
843 2332 939 2369 *tosa
963 2344 1031 2368 om.
1056 2333 1085 2367 P
1177 2332 1318 2379 μηκέτι]
1342 2331 1529 2378 μηδέποτε
1555 2324 1674 2373 (ποτ’
1692 2329 1767 2367 FL)

101 2391 322 2428 FLAMWE
451 2393 471 2425 6
494 2390 535 2427 ’δὲ
557 2389 712 2424 LAMW
841 2392 1067 2435 γεγενῆσθαι
1091 2388 1154 2423 FL
1279 2392 1296 2422 7
1324 2387 1505 2434 στέργων]
1531 2385 1701 2432 στέργων
1725 2383 1766 2430 δὴ

102 2445 136 2494 (ὴ
159 2449 183 2484 i.
207 2458 277 2484 ras.
303 2449 350 2490 A)
372 2447 527 2481 LAMW
559 2446 729 2493 στέργων
754 2445 792 2482 δὲ
814 2445 848 2480 Ε
986 2448 1005 2480 9
1028 2444 1154 2490 μέλλει
1178 2446 1256 2481 τῶν
1280 2445 1427 2480 παίδων
1449 2446 1493 2478 tr.
1518 2441 1676 2476 AMWE

105 2507 146 2539 10
171 2505 453 2551 *χαρακτῆρας]
479 2503 617 2537 uultum
640 2502 713 2536 Lat
806 2504 844 2536 11
870 2495 1026 2538 *οῧτωσ
1049 2500 1080 2534 L
1117 2540 1122 2546 ‚
1149 2496 1391 2547 γεννώμενον
1416 2495 1504 2541 (ννιό
1529 2508 1572 2533 ex
1589 2511 1634 2533 v·
1661 2507 1766 2545 corn,

103 2573 126 2596 ν
147 2560 253 2596 finale
275 2561 299 2596 i.
316 2570 388 2595 ras.
406 2562 452 2602 A)
475 2559 581 2594 LAM
689 2557 824 2594 *ι”ασεν
847 2557 876 2592 Ρ
979 2560 1019 2592 13
1044 2557 1121 2598 *δὲ]
1147 2567 1302 2601 namque
1325 2556 1395 2590 Lat
1490 2558 1530 2590 14
1555 2551 1664 2596 *τὸν]
1690 2556 1768 2590 τῶν

103 2615 135 2651 F
251 2620 291 2651 15
316 2616 355 2653 δὲ
378 2616 534 2652 AMWE
651 2617 692 2649 16
716 2614 739 2649 i.
756 2623 867 2657 marg.
885 2611 1008 2648 XXII
1027 2613 1098 2648 Lat
1214 2616 1252 2646 17
1279 2611 1452 2648 ἐνέκλυσε
1476 2621 1520 2646 ex
1544 2621 1634 2646 corr.
1651 2610 1699 2644 W

107 2674 148 2708 18
172 2671 241 2709 *ἐν
262 2675 309 2719 τῆ
332 2669 442 2709 πόλει
465 2673 505 2707 Μ
598 2673 639 2705 20
664 2669 893 2708 ὑπελίποντο
919 2669 958 2704 Μ
982 2674 1018 2704 et
1042 2679 1085 2704 ex
1111 2679 1201 2704 corr.
1220 2669 1253 2701 A
1345 2665 1494 2714 ζώηλοσ
1518 2666 1545 2700 Ρ
1572 2664 1712 2710 ζωίλοσ
1734 2665 1765 2700 F

107 2730 143 2763 et
163 2738 207 2763 ex
231 2738 321 2764 corr.
345 2730 380 2763 A
471 2731 512 2764 21
538 2725 666 2774 διόραν
688 2727 728 2761 Μ
753 2731 789 2762 et
813 2735 856 2760 ex
881 2736 972 2760 corr.
996 2725 1030 2758 A
1131 2726 1175 2769 ,ξς
1201 2726 1379 2760 325—327
1407 2727 1577 2767 corrupta
1600 2722 1673 2757 uid.

105 2784 215 2825 *τοῦ]
238 2785 315 2819 τῶν
338 2784 398 2819 PF
526 2780 833 2830 *Φιλομήτορος]
859 2779 1130 2828 φιλομήτωροσ
1152 2780 1184 2815 L
1209 2778 1511 2826 φιλοτιμιότερον
1534 2776 1703 2826 (-ότερον
1725 2777 1769 2820 F)

106 2861 168 2897 PF
260 2864 302 2896 22
325 2859 557 2910 *κυζηκινὸσ
579 2863 608 2897 Ρ
702 2865 744 2897 23
770 2856 994 2906 *omanem
1018 2860 1041 2895 i.
1059 2869 1169 2903 marg.
1194 2871 1243 2905 γρ
1268 2854 1445 2905 α’λλήλοισ
1461 2858 1494 2892 A
1519 2835 1706 2904 ιῖλλήλδύιιῒῖ
1728 2858 1770 2893 Μ

220 2919 264 2952 24
288 2917 572 2964 ’πτολεμεεῦσι,
595 2921 657 2956 εεῦ
682 2929 726 2954 ex
752 2920 818 2954 αεῦ
844 2927 934 2953 corr.
959 2916 1007 2951 W
1111 2910 1208 2962 παρ’
1234 2910 1360 2951 αὐτῶν
1384 2925 1452 2949 om.
1478 2914 1510 2949 E
1604 2916 1770 2951 *πονου-

107 2975 248 3021 μένουσ
269 2972 317 3008 W

1418 3027 1489 3061 14*

1793 532 1868 572 321

1794 734 1875 774 322

1797 1137 1876 1178 323

1796 1340 1878 1381 324

1797 1678 1878 1718 325

1798 1881 1879 1922 326
