2107 3377
289 201 369 238 368
704 196 866 241 ANTIQ.
892 197 990 233 IUD.
1015 197 1083 231 XV
1110 199 1286 232 199—205
1311 199 1487 239 (v1.7.v11.
1505 199 1535 240 1)

288 313 562 370 πεντήκοντα
600 313 741 354 πᾶσιν
781 309 844 360 εἷς
874 311 1166 353 πολυτέλειαν
1202 312 1274 354 καὶ
1306 312 1500 353 πλοῖ-τον
1538 307 1784 390 ὗπηρεσίας
1820 309 1953 372 ἠσκη-

176 384 258 424 200
288 385 451 437 μένοις.
517 383 734 436 παρέσχεν
767 378 814 420 δὲ
844 379 916 420 καὶ
948 376 1026 435 τὴν
1058 375 1244 433 ἄνυδρον
1277 378 1573 433 διερχομένοις
1602 377 1680 436 τὴν
1710 383 1798 424 τῶν
1830 397 1954 425 επει-

287 449 454 506 γόντων
481 451 702 504 χορηγίαν,
735 443 794 496 ὡς
824 445 934 503 μήτε
965 445 1086 488 οἴνου
1117 445 1226 504 μήτε
1256 441 1485 498 ἴόατος,
1469 445 1492 489 ὀ
1523 448 1596 490 καὶ
1627 448 1796 501 μᾶλλον
1824 439 1877 507 ἦν
1908 449 1952 494 ἐν

283 522 411 575 χρεία
441 525 534 567 τοῖς
566 514 872 571 στρατιώταις,
904 511 1218 572 ὑστερηθῆναι.
1279 510 1412 557 αἰτόν
1442 530 1491 570 γε
1520 513 1606 572 ιιὴν
1635 519 1846 598 Καίσαρα
1875 533 1954 559 τα-

288 585 464 635 2άντοις
510 580 789 632 ὀκτακοσίοις
837 581 1090 641 ἐδωρήσατο
1139 584 1213 625 καὶ
1252 585 1532 639 παρέστισεν
1574 578 1744 626 άπασιν
1784 582 1957 628 έννοιαν
1987 591 2006 624 5

288 655 459 707 λαβεῖι,
498 647 569 695 ότι
606 653 684 707 τῆς
721 652 954 706 βασιλείας
992 654 1043 709 ἡς
1074 648 1186 704 εἶχεν
1225 650 1339 693 πολὺ
1378 650 1513 704 μείζω
1554 653 1627 694 καὶ
1667 650 1956 708 λαμπρότερα

175 724 252 764 201
287 719 399 764 κατὰ
446 719 527 769 τὰς
566 717 812 774 ὑπουργίας
856 718 1150 762 ἐπεδείκνυτο.
1223 714 1344 760 τοῦτ’
1391 714 1524 761 αι”τὸν
1567 720 1638 761 καὶ
1680 720 1848 773 μᾶλλον
1893 718 1956 770 εἷς

286 793 442 831 πίστιν
483 784 656 838 εὐνοίας
693 789 768 830 καὶ
798 791 1060 845 προθυμίας
1092 786 1350 843 ἐπισυνίστη
1390 788 1462 829 καὶ
1494 787 1706 830 πλεῖστον
1745 781 1955 842 ἠνέγκατο

286 858 341 913 τῇ
376 859 504 913 χρείᾳ
543 858 622 899 τοῦ
660 859 816 911 καιροῦ
853 855 902 898 τὸ
935 855 1246 911 ιμεγαλόψυχον
1289 854 1501 909 ἁρμόσας.
1570 851 1592 897 ὁ
1628 855 1674 898 δὲ
1704 856 1776 898 καὶ
1817 854 1955 898 πάλιν

288 923 564 967 ἐπανιόντων
607 920 691 966 ἀπ)
726 923 966 980 Αἰγύπτου
1005 925 1094 965 τῶν
1135 922 1326 978 πρώτων
1373 918 1550 972 οὐδενὸς
1593 921 1674 973 τὰς
1713 921 1958 981 ὑπηρεσίας
1986 929 2024 964 1⁰

286 986 428 1050 ἥττων
461 991 615 1050 ἐφάνη.

174 1064 256 1104 202
401 1061 492 1103 VII.
528 1065 564 1102 1.
610 1059 723 1102 Τότε
752 1062 902 1113 μέντοι
942 1057 1174 1137 γενόμενος
1213 1057 1256 1100 ἓν
1295 1060 1347 1114 τῇ
1387 1059 1595 1114 βασιλεία
1633 1062 1956 1116 τεταραγμένην

288 1123 406 1183 αὗτω
444 1126 523 1183 τὴν
563 1126 706 1170 οἰκίαν
735 1124 1066 1204 καταλαμβάνει
1103 1127 1175 1167 καὶ
1213 1127 1420 1206 χαλεπως
1461 1125 1642 1178 ἐχούσας
1680 1143 1758 1181 την
1798 1141 1845 1168 τε
1880 1142 1956 1182 γυ·

174 1200 256 1241 203
287 1205 414 1238 ναῖκα
446 1194 728 1252 ΠΙαριάιιμην
764 1195 839 1236 καὶ
869 1193 948 1251 τὴν
977 1195 1145 1249 μητέρα
1183 1192 1262 1248 τὴν
1302 1191 1466 1249 ἐκείνης
1495 1190 1801 1247 Ἀλεξάνδραν.
1861 1193 1956 1251 οἰη-

285 1267 442 1306 θεῖσαι
480 1263 580 1318 γάρ,
622 1258 734 1317 όπερ
773 1259 825 1320 ἠν
856 1256 1084 1313 ὕποπτον,
1127 1256 1203 1302 οὐκ
1234 1260 1296 1311 εἷς
1329 1256 1579 1317 ασφάλειαν
1617 1263 1704 1304 τῶν
1736 1261 1955 1315 σωμάτων
1986 1267 2023 1301 15

287 1347 349 1382 εις
381 1330 516 1374 ἐκεῖνο
547 1332 852 1385 κατατεθῆναι
887 1328 935 1371 τὸ
965 1333 1148 1384 χωρίον,
1191 1324 1287 1370 αλλ’
1324 1346 1384 1380 ως
1415 1331 1589 1386 φρουρᾷ
1618 1327 1816 1386 μηθενὸς
1846 1344 1956 1386 μητε

173 1405 254 1445 204
285 1401 373 1442 τῶν
415 1396 560 1441 ἄλλων
591 1394 706 1454 μή,’θ
745 1395 890 1440 αυτιῦν
921 1396 1123 1447 ἐξουσίαν
1155 1413 1317 1450 εχοιεν,
1356 1399 1562 1450 χαλεπῶς
1601 1396 1774 1453 ε’φερον.
1841 1415 1866 1455 η
1907 1413 1955 1440 τε

284 1463 541 1524 Mammam
572 1483 650 1509 τόν
679 1466 759 1520 μὲν
782 1466 926 1520 ἔρωτα
955 1482 1032 1508 τοι
1054 1466 1274 1519 βασιλείας
1304 1463 1540 1520 ιπόκρισιν
1572 1462 1716 1517 άλλως
1744 1467 1819 1509 καὶ
1841 1464 1956 1521 πρὸς

284 1535 334 1578 τὸ
369 1538 595 1593 συμφέρον
628 1531 748 1591 αὐτῷ
778 1536 1011 1591 γινομένην
1043 1531 1219 1590 ἀπάτην
1252 1530 1586 1589 ὑπελάμβανεν,
1618 1530 1782 1592 ἤχθετο
1815 1533 1862 1576 δὲ
1891 1535 1956 1590 τῷ

284 1599 390 1660 μηδ’
419 1603 457 1646 εἷ
489 1602 657 1656 πάσχοι
686 1620 732 1646 τι
763 1600 908 1645 δεινὸν
940 1600 1104 1652 ἐκεῖνος
1135 1600 1298 1644 ἐλπίδα
1328 1604 1407 1644 τοῦ
1436 1602 1691 1658 βιώσεσθαι
1722 1597 1785 1644 δι)
1823 1599 1957 1644 αὐτὸν
1985 1606 2025 1640 D

287 1670 513 1730 ἐσχηκέναι
541 1674 615 1714 καὶ
647 1669 727 1721 τὰς
752 1666 954 1726 Ἰωσήπῳ
988 1669 1205 1719 δοθείσας
1237 1668 1417 1720 ἐντολὰς
1449 1666 1808 1727 ἀνεμνημόνευεν,
1842 1663 1951 1712 ὥστ’

284 1737 365 1798 ἤδη
400 1738 474 1783 διὰ
505 1743 757 1792 θεραπείας
798 1735 909 1792 εἶχεν
939 1737 1042 1788 τοὺς
1074 1736 1296 1795 φρουροὺς
1334 1739 1407 1780 καὶ
1437 1738 1607 1792 μᾶλλον
1636 1735 1714 1780 τὸν
1744 1736 1954 1791 Σόαιμον,

171 1809 253 1849 205
286 1807 329 1851 ἐν
362 1807 510 1864 ἐκείνῳ
551 1807 599 1851 τὸ
634 1809 725 1849 πᾶν
765 1805 1051 1862 ἐπισταμένη.
1118 1805 1314 1860 Σόαιμος
1353 1806 1400 1848 δὲ
1430 1804 1540 1847 κατὰ
1580 1805 1659 1859 μὲν
1697 1803 1778 1855 τὰς
1820 1801 1956 1858 ἀρχὰς

398 1931 417 1966 ξ
448 1929 510 1961 199
535 1943 579 1955 =
605 1925 686 1960 ben.
713 1925 792 1960 Iud.
820 1925 835 1959 1
862 1900 938 1959 3951.

397 2033 683 2069 PFLAMVWE
694 2033 933 2067 LatZonaras
959 2032 973 2066 1
999 2043 1033 2077 p.
1063 2035 1139 2067 428.
1178 2032 1254 2066 Exc
1280 2032 1324 2066 de
1349 2032 1614 2080 legationibus.-

399 2106 412 2136 1
440 2099 616 2138 πλούτων
640 2101 673 2136 V
780 2096 983 2147 ἶ’π7]ρεσιάν
1006 2100 1045 2135 Μ
1150 2085 1362 2147 ησκηιιίινῩό
1389 2100 1418 2134 L
1520 2102 1539 2133 2
1564 2095 1743 2146 ἀνι-δρίαν
1768 2098 1864 2133 PFV
1894 2095 1957 2135 οἷν·

283 2160 413 2205 ὀρείαν
437 2159 516 2193 Exc
603 2161 621 2192 3
647 2155 710 2201 ὡς]
735 2151 834 2194 ὥστε
860 2158 938 2193 Exc
1021 2151 1115 2204 μήτε
1139 2152 1281 2194 ι’δατοσ
1305 2155 1397 2203 μήτε
1425 2154 1531 2193 οἴνου
1553 2160 1597 2190 tr.
1617 2156 1647 2190 V
1735 2159 1755 2190 4
1780 2162 1861 2198 τοῖς
1885 2165 1955 2195 om,

282 2215 437 2250 LAMW
524 2215 739 2263 *Καίσαρα]
763 2217 827 2251 καὶ
852 2228 926 2260 αρα
953 2215 978 2248 P
1063 2218 1080 2247 5
1109 2211 1368 2256 ὀκτακοσίοις]
1395 2215 1424 2262 (ξ)
1450 2213 1528 2248 Exc
1610 2210 1762 2249 εὔνοιαν
1778 2212 1897 2247 LExc

283 2274 303 2306 6
335 2265 379 2319 ἧς
409 2269 520 2318 εἶχεν]
551 2269 681 2318 ὑπεῖχε
717 2271 794 2306 Exc
923 2273 1056 2315 μεῖζον
1081 2271 1108 2304 Ρ
1241 2267 1512 2317 λαμπρότερον
1536 2270 1614 2305 Exc
1741 2273 1759 2304 7
1787 2266 1833 2306 τὰ
1858 2266 1956 2306 κατὰ

283 2328 434 2364 FVExc
525 2327 737 2372 ἐνεδείξατο
763 2328 796 2363 V
888 2330 1002 2364 τοῦτο
1029 2327 1068 2362 Μ
1092 2329 1128 2362 et
1153 2338 1196 2362 ex
1221 2337 1312 2363 corr.
1331 2327 1364 2360 A
1446 2329 1464 2362 8
1491 2327 1644 2373 συνίστη
1667 2326 1698 2361 L
1775 2322 1957 2373 ἠνέγκατε

282 2385 313 2419 L
407 2388 427 2420 9
452 2381 641 2430 ἁρμόσας]
665 2385 726 2420 fin.
753 2385 832 2419 Exc
940 2388 978 2418 10
1005 2379 1193 2420 ἀνιόντων
1217 2383 1247 2417 L
1357 2379 1524 2425 οὐδενὸς]
1551 2393 1594 2418 ex
1620 2378 1785 2420 οῧδενῶσ
1809 2393 1904 2419 corr.
1928 2382 1957 2417 P

282 2436 390 2478 οὐδὲν
411 2442 467 2478 εἰσ
492 2441 682 2476 LAMWE
776 2437 878 2477 *τὰσ
901 2436 1115 2486 ἱπόυργίασ
1140 2440 1294 2475 LAMW
1385 2444 1420 2475 11
1449 2435 1592 2485 *ἦττον
1616 2439 1643 2474 Ρ
1739 2441 1780 2474 12
1804 2438 1827 2474 i.
1846 2448 1955 2483 marg.

280 2496 335 2545 ιβ’
353 2499 383 2532 L
409 2497 458 2535 ια’
476 2499 508 2534 Ε
605 2502 645 2534 13
670 2494 816 2534 *αὕτιῦι
841 2508 885 2532 ex
911 2508 1002 2531 corr.
1027 2498 1058 2530 A
1144 2497 1320 2533 *οἰκείαν
1343 2496 1371 2530 Ρ
1458 2497 1524 2532 *τε
1550 2506 1618 2531 om.
1637 2496 1667 2530 V
1759 2499 1797 2530 14
1821 2493 1956 2543 μαριά·

279 2569 353 2601 μην
377 2555 409 2589 Ε
514 2552 583 2601 τὴν
606 2560 689 2590 ante
713 2554 858 2601 ἐκείνης
882 2565 951 2589 om
979 2554 1010 2588 E
1113 2557 1153 2589 15
1178 2549 1318 2591 *οὐκς
1303 2553 1365 2595 εἰς]
1391 2547 1435 2589 οὐ
1461 2548 1509 2588 δι’
1534 2551 1688 2587 LAMW
1780 2545 1957 2588 ὕποπτον

281 2645 349 2669 om.
369 2634 400 2668 E
483 2638 522 2669 16
547 2633 706 2671 *ἐκείνω
726 2634 754 2667 L
832 2613 1076 2680 *xagl'str‘yvcess
1101 2647 1141 2670 τε
1159 2643 1203 2668 ex
1221 2644 1312 2669 corr.
1332 2632 1360 2666 F
1431 2627 1510 2674 *ὡς
1534 2641 1602 2666 om.
1622 2630 1660 2665 M
1735 2628 1912 2677 φρουρὰν
1928 2630 1957 2666 Ρ

284 2690 340 2727 εἰσ
364 2688 539 2738 φρουρὰν
562 2691 626 2725 Fv
651 2691 693 2727 ἐν
717 2693 868 2737 φρουρᾶ
892 2690 967 2725 ΜΕ
991 2691 1027 2724 in
1054 2701 1200 2726 στιν-οινσ
1224 2690 1295 2724 Lat
1374 2685 1539 2735 μηδενὸσ
1564 2687 1596 2722 Ε
1682 2690 1719 2722 17
1745 2684 1836 2733 μήτε
1863 2687 1895 2722 Ε

286 2745 411 2784 αι’-τών
435 2748 513 2782 FW
539 2746 684 2785 ἑαυτῶν
709 2748 740 2783 Ε
846 2745 971 2794 *ἔχειν
995 2747 1148 2782 LAMW
1270 2750 1309 2782 18
1334 2744 1504 2793 μαριάμη
1528 2744 1559 2778 Ε
1668 2747 1708 2779 19
1734 2743 1958 2791 γιγνομένην

284 2804 437 2839 LAMW
531 2806 598 2842 *δὲ
623 2816 651 2840 s.
675 2806 707 2839 V
801 2808 842 2839 20
867 2801 957 2850 μηδὲ
983 2804 1015 2839 Ε
1108 2801 1323 2849 *πάσχοιτο
1350 2804 1387 2838 τί
1412 2802 1440 2836 1,
1532 2797 1749 2846 βιώσασθαι
1775 2800 1887 2835 PLE¹

286 2864 325 2895 21
354 2861 498 2907 iosippo
523 2861 593 2895 Lat
677 2858 982 2908 ἅνεμημόνευσεν
998 2861 1027 2895 L
1051 2858 1330 2907 ἐμνημόνευσεν
1348 2859 1374 2893 Ρ
1400 2851 1710 2903 ἀναμνημόνευεν
1728 2856 1772 2890 W
1855 2849 1954 2894 ὥστε

286 2916 360 2950 ΜΕ
385 2920 419 2951 et
444 2929 485 2951 ex
513 2929 603 2952 corr.
621 2919 654 2952 A
748 2922 789 2953 22
815 2915 917 2959 *dtc'd
941 2919 1005 2954 καὶ
1030 2918 1088 2954 διὰ
1114 2917 1144 2951 F
1239 2914 1370 2962 *εἶχον
1396 2915 1421 2948 Ρ
1448 2912 1545 2960 ἔχειν
1571 2913 1721 2948 LAMW
1811 2910 1955 2958 σόεμον

287 2972 541 3008 FLAMVWE
565 2979 722 3009 soe'mum
747 2975 819 3009 Lat
923 2977 964 3009 23
991 2968 1138 3018 σόεμοσ
1163 2970 1199 3011 (ό
1226 2973 1246 3008 i.
1273 2983 1342 3007 ras.
1369 2973 1414 3011 A)
1439 2969 1695 3005 FLAMVWE
1719 2974 1861 3005 soe'nms
1884 2969 1955 3006 Lat
