2029 3392
525 225 685 270 AN'nQ.
711 225 806 261 mn.
833 226 917 261 xw
943 230 1122 263 ιιι-ιιι
1147 232 1214 267 cxv.
1234 236 1261 262 ι.
1281 236 1312 271 ιι)
1666 230 1743 269 317

88 342 191 394 τοὺς
226 342 366 399 κύκλῳ
404 340 589 419 κελεύων
627 338 682 382 τὰ
718 339 830 381 κατὰ
870 340 948 398 την
977 358 1123 395 χιιιραν
1155 339 1550 387 ἀνασκευάσασθαι
1580 347 1650 387 καὶ
1685 346 1747 397 εἰς

89 411 144 455 τὰ
183 408 261 468 ὅρη
301 409 494 467 φεύγειν,
541 404 598 458 ὥς
642 407 777 463 μηδὲν
818 407 989 460 ἴχοιτες
1024 407 1227 463 ίἰΙιηιιαῖοι
1277 412 1390 467 λιμῷ
1438 412 1746 469 ὁιαφθαρεῖεν.

85 477 281 535 Ἡρώδης
319 477 365 519 δὲ
403 474 480 533 τὴν
517 476 596 528 μὲν
634 475 801 517 τούτοιν
838 476 1053 530 ιρόιοιαι
1087 478 1275 535 Φερώρᾳ
1315 481 1376 534 τῷ
1416 479 1620 535 νεωτάτῳ
1660 483 1747 522 τῶν

91 542 293 603 ἀδελφῶν
324 544 554 598 ἐπιτρέπει
585 542 792 593 κελεύσας
815 539 948 585 αι’-τὸν
971 540 1062 596 ἅμα
1084 545 1284 598 τειχίζειν
1311 548 1380 588 καὶ
1405 543 1746 602 Ἀλεξάνδρειον.

88 611 111 657 ὖ
144 614 190 657 δὲ
219 615 383 666 ταχέως
411 627 459 654 τε
488 609 591 660 τους
622 610 896 666 στρατιώτας
929 611 972 652 ἑν
1003 608 1207 669 ἀφθονίᾳ
1231 615 1370 669 πολ.λῇ
1392 617 1479 657 τῶν
1502 612 1748 670 ἀναγκαίων

90 680 295 738 ἐποίησεν
324 678 373 722 τό
404 695 452 721 τε
481 675 810 734 Ἀλεξάνδρειον
843 676 1128 736 ηρημωμείιον
1161 679 1426 724 &vinnom-¹

200 752 237 790 5.
265 744 369 790 Ὑπὸ
403 747 449 789 δὲ
479 745 556 789 τὸν
589 742 721 789 αὐτὸν
748 746 906 801 χρόνον
934 743 1160 798 Ἀντώνιος
1191 749 1269 802 μὲν
1296 750 1512 804 ὸιετριβεν
1544 748 1588 791 ἐν
1608 744 1747 807 Ἀθή-

88 832 195 867 ναις,
225 813 334 857 κατὰ
365 814 411 856 δὲ
433 818 596 869 Συρίαν
625 810 880 865 Οὐεντίδιος
902 816 1076 857 Σίλωνα
1106 816 1510 870 μεταιιειιπόιιειός
1541 817 1614 860 ἐπὶ
1648 817 1748 868 τοὺς

87 882 302 938 Πάρθους
333 880 592 924 ἐπέστελλεν
624 884 802 937 πρῶτον
824 882 903 936 μὲν
920 880 1093 939 ”Ηριι)’ὸ*,η
1127 884 1521 939 συλλαμβάνεσθαι
1553 888 1629 928 τοῦ
1663 903 1747 929 πο-

85 951 228 1005 λέμου,
259 948 415 992 ε’πειτα
446 950 494 992 δὲ
523 951 594 992 καὶ
629 948 705 992 ἐπὶ
735 948 813 992 τὸν
845 953 1059 1007 σφέτερον
1089 953 1237 994 καλεῖν
1267 969 1369 1002 τοις
1401 968 1450 994 σι
1454 970 1665 1006 ιιιιαχοις
1724 951 1746 996 ὃ

85 1012 126 1060 6’
151 1016 227 1060 ἐπὶ
258 1033 360 1068 τους
391 1017 435 1060 ἐν
465 1027 559 1068 τοῖς
590 1019 831 1074 σπηλαίοις
852 1018 1014 1074 ληστὰς
1037 1018 1322 1111 ἐπειγόμιζενος
1343 1022 1516 1062 Σίλωια
1550 1021 1626 1063 ιιὲν
1658 1020 1748 1071 ἐξέ-

83 1093 262 1140 πεμψεν
310 1082 573 1141 Ουεντιδίιιι,
615 1081 748 1136 αὐτὸς
790 1082 831 1127 6
868 1085 901 1128 εἶ
899 1081 942 1128 ·'c
980 1085 1170 1138 ἐκείνοις
1209 1087 1472 1169 ἐξιόρμησει.
1532 1086 1583 1143 ἠν
1626 1084 1667 1130 6
1704 1088 1748 1131 ἐν

82 1148 231 1208 ὄρεσιν
251 1152 306 1195 τὰ
329 1168 368 1195 σ
367 1153 531 1209 τηλαια
551 1153 751 1204 τελέως)
734 1153 908 1210 εξερρω;
910 1154 1020 1197 νόσιν
1042 1158 1115 1198 καὶ
1137 1154 1247 1198 κατὰ
1267 1155 1317 1199 τὸ
1339 1160 1610 1210 μεσαίτατον
1633 1151 1748 1199 ἆπο-

81 1218 296 1277 κρήμνους
328 1220 480 1274 ἔχοντα
511 1220 591 1271 τὰς
623 1221 849 1277 παρόδους
879 1224 950 1265 καὶ
983 1226 1170 1278 πέτραις
1191 1218 1359 1273 ὀξείαις
1381 1223 1748 1278 ἐμπεριεχόμενα·

82 1286 126 1331 ἐν
158 1286 209 1343 δὴ
238 1288 414 1339 τούτοις
445 1289 556 1343 μετὰ
588 1289 768 1332 πάντων
799 1292 886 1350 τῶν
918 1289 1091 1333 οἰκείων
1123 1290 1361 1348 ἐφώλευον.
1413 1288 1434 1334 ὁ
1470 1291 1516 1334 δὲ
1539 1291 1749 1346 βασιλεὺς

83 1355 301 1412 λάρνακας
333 1356 408 1399 ἐπ’
435 1352 593 1407 αὐτοὺς
624 1357 876 1414 πηξάμενος
915 1362 1068 1401 καθίει
1108 1359 1272 1410 ταύτας
1309 1360 1513 1416 σιδηραῖς
1544 1356 1750 1402 ἁλύσεσιν

83 1417 364 1478 ἐκδεδεμένας
403 1424 478 1467 διὰ
517 1427 710 1483 μηχανῆς
750 1421 840 1468 ἀπὸ
875 1429 1070 1484 κορυφῆς
1099 1429 1179 1476 τοῦ,
1209 1424 1359 1483 ὅρους,
1399 1427 1508 1485 μήτε
1546 1427 1750 1470 κάτωθεν

84 1487 254 1535 ἀνιέναι
276 1491 351 1534 διὰ
372 1492 450 1550 τὴν
471 1488 661 1551 ὀξύτητα
688 1495 766 1536 τοῦ
796 1490 926 1549 ὅροι-ς
958 1494 1208 1547 δυναμένων
1238 1494 1346 1553 μήτε
1378 1491 1554 1538 ἄνωθεν
1584 1498 1749 1551 καθέρ-

83 1575 187 1602 πειν
218 1555 292 1603 ἐπ’
319 1556 489 1612 αὐτούς.
551 1562 596 1604 αἱ
630 1561 676 1604 δὲ
707 1561 918 1617 λάρνακες
948 1562 1132 1621 πλήρεις
1163 1560 1361 1606 ὁπλιτῶν
1382 1560 1577 1619 ’ὑπῆρχον
1599 1558 1749 1619 ἅρπας

82 1627 275 1683 μεγάλας
306 1627 513 1681 ἐχόντων,
553 1628 624 1679 αἷς
655 1628 836 1683 ἐ’μελλον
869 1629 1180 1684 ἐπισπώμενοι
1210 1630 1313 1681 τους
1344 1626 1631 1681 ἀνθεστῶτας
1661 1632 1748 1673 τῶν

85 1696 255 1752 λῃστῶν
284 1700 468 1739 κτείνειν
497 1701 894 1754 καταφερομένους.
953 1697 1032 1754 τὴν
1062 1701 1214 1752 μέντοι
1243 1715 1291 1754 γε
1322 1698 1509 1742 κάθεσιν
1533 1700 1621 1740 τῶν
1643 1699 1748 1752 λαρ-

83 1762 225 1806 νάκων
256 1762 483 1821 σφαλερὰν
514 1761 629 1808 εἶναι
660 1768 913 1819 συνέβαινεν
943 1765 1053 1809 κατὰ
1083 1766 1259 1821 βάθους
1290 1762 1479 1821 ἀπείρου
1499 1769 1748 1822 γινομένην·

197 1924 216 1962 ξ
242 1923 308 1955 418
333 1939 377 1951 =
400 1921 482 1956 bell.
508 1920 586 1956 Iud.
607 1921 622 1955 I
649 1925 727 1957 308.

194 2066 478 2103 PFLAMVWE
488 2067 727 2103 LatZonaras
751 2068 768 2102 1
791 2080 826 2113 p.
854 2072 933 2104 415.

196 2127 210 2158 1
239 2121 367 2166 *τοὺς]
391 2130 477 2160 τοῖσ
499 2125 534 2159 Α
604 2128 623 2158 2
648 2131 779 2171 φυγεῖν
796 2125 1048 2161 FLAMVWE
1131 2123 1320 2172 Ῥωμαῖοι]
1347 2126 1512 2174 ῥωμαῖοι
1536 2128 1613 2161 τῶν
1637 2121 1750 2172 ἄναγ-

81 2180 200 2216 καίων
223 2179 558 2216 FLAMVWELat
628 2184 647 2215 3
671 2182 752 2226 μὲν]
777 2179 872 2226 μετὰ
899 2182 945 2216 W
1015 2186 1035 2217 4
1061 2177 1139 2228 ἅμα
1165 2185 1351 2230 τειχίζειν]
1376 2184 1477 2218 PLat
1501 2177 1751 2228 ἀνατειχίζειν

81 2234 301 2272 FLAMVW
370 2232 615 2283 οἷλεξάνδριον
638 2237 739 2272 PLM
764 2242 799 2272 et
816 2248 858 2272 ex
877 2249 969 2274 corr.
995 2239 1060 2274 FA
1138 2244 1156 2274 5
1182 2253 1223 2277 τε
1248 2250 1318 2274 om.
1343 2239 1424 2274 WE
1497 2242 1517 2273 6
1542 2236 1616 2275 *τό
1641 2252 1683 2275 τε
1707 2259 1751 2264 -

82 2286 276 2330 ἀνέκτισεν
299 2305 368 2330 om.
394 2293 441 2327 W
533 2289 776 2340 οἷλεξάνδριον
801 2294 968 2328 PFLME
994 2300 1030 2330 et
1046 2305 1089 2330 ex
1107 2306 1200 2331 corr.
1226 2297 1260 2331 A
1330 2292 1523 2340 ἅνέκτιζεν
1545 2295 1574 2330 P
1599 2293 1752 2332 α’νακτί-

82 2349 137 2392 ζει
159 2348 192 2383 Ε
285 2354 302 2384 7
329 2347 585 2400 *ἕτριβεν-θᾱ.
603 2361 658 2394 pr.
777 2354 796 2386 8
822 2346 1035 2388 οὖεντίλιοσ
1059 2351 1088 2386 Ρ
1111 2353 1306 2399 βεντίδιοσ
1329 2352 1551 2388 FLAMVW
1575 2353 1750 2399 βενδίδησ

81 2403 114 2439 Ε
138 2405 320 2441 uentidius
343 2407 401 2442 hic
426 2409 462 2442 et
486 2406 579 2441 infra
603 2406 674 2440 Lat
811 2410 830 2442 9
855 2405 1033 2445 ἐπέστελε
1057 2408 1106 2442 Ει
1131 2409 1187 2444 ed.
1213 2419 1267 2453 pr.
1293 2406 1485 2445 ἐπέστειλε
1508 2409 1660 2444 Hudson

82 2460 243 2508 *πρῶτα
266 2461 300 2498 V
424 2459 600 2511 *ἥρω’δην
624 2462 670 2497 W
797 2465 877 2504 τοῦ]
902 2466 1011 2500 τοῦδε
1035 2467 1103 2500 τοῦ
1128 2464 1380 2499 FLAMVWE
1499 2469 1536 2499 11
1565 2465 1604 2502 δὲ
1628 2464 1750 2500 MWE

82 2519 120 2551 et
140 2525 186 2552 ex
210 2527 301 2553 corr.
326 2520 359 2552 A
451 2521 699 2566 *σπ·ηλαίοισ
723 2520 756 2554 A
825 2517 1012 2567 ἐξέπειιψε
1035 2519 1223 2555 FAMWE
1297 2524 1336 2556 12
1365 2516 1571 2570 Οὐεντιδίῳ]
1596 2521 1630 2556 V
1655 2516 1751 2558 οὖϊν-

83 2573 187 2610 τιδίω
210 2573 240 2608 Ρ
262 2576 436 2621 βεντιδίω
461 2575 648 2611 FLAMW
672 2576 821 2622 βενδίδη
845 2576 876 2610 Ε
992 2576 1031 2613 δὲ
1054 2577 1135 2611 WE
1228 2572 1265 2613 δ’
1289 2575 1343 2619 ἐν]
1369 2578 1406 2614 δὲ
1428 2577 1477 2612 W
1501 2577 1539 2614 δὲ
1563 2575 1604 2614 ἐν
1627 2577 1660 2612 Ε

87 2629 128 2663 13
152 2627 417 2678 *ἐξερρωγότα
441 2632 475 2667 V
567 2628 862 2709 *αποκρίμνουσ
886 2631 917 2666 L
992 2635 1033 2668 14
1056 2629 1136 2674 τὰς]
1163 2643 1231 2668 om
1255 2632 1353 2668 PVE
1378 2643 1422 2668 ex
1439 2630 1533 2670 τοὺσ
1550 2644 1641 2669 corr.
1665 2634 1706 2668 M

88 2707 130 2741 15
151 2703 354 2754 ἐφώλευον]
378 2709 583 2757 ἐφέδρευον
605 2710 672 2745 LA
694 2710 899 2757 έφέδρευον
922 2710 974 2750 Μ,
998 2712 1021 2746 i.
1047 2721 1158 2755 marg.
1182 2724 1230 2757 γρ
1254 2709 1462 2759 ἐφήδρευον
1483 2714 1527 2754 A,
1558 2716 1752 2757 supersunt

84 2760 154 2797 litt.
176 2761 234 2810 yp'
245 2779 322 2797 u*
356 2769 426 2814 ὄρ*
441 2781 487 2798 Η
513 2768 537 2802 i.
557 2778 667 2812 marg.
683 2767 714 2801 F
746 2765 982 2813 ἐνεφώλευον
1006 2767 1038 2801 Ε
1065 2767 1221 2803 latebant
1246 2767 1317 2802 Lat
1456 2771 1496 2803 16
1520 2766 1752 2816 *λάρνακας]

88 2828 260 2866 σαρνκασ
281 2821 314 2858 V
408 2826 447 2858 17
472 2822 772 2870 *εκδεδεγμὲνασ
794 2823 825 2858 F
929 2826 968 2858 19
994 2820 1204 2871 *ι’πῆρχον]
1228 2817 1325 2869 ἦσαν
1349 2823 1382 2858 V
1475 2827 1518 2859 20
1542 2821 1666 2861 *τοὺσ
1690 2821 1752 2862 άν-

88 2876 289 2913 θεστῶτασ
303 2875 560 2924 ἐπισπώμενοι
576 2882 620 2914 tr.
639 2880 672 2915 V
740 2882 848 2916 *τῶν
864 2882 1014 2925 λῃστῶν
1029 2889 1097 2914 om.
1114 2879 1147 2914 V
1217 2882 1257 2915 21
1276 2880 1297 2902 ‘¹‘
1303 2880 1447 2924 μέντοι]
1463 2880 1532 2925 μὲν
1549 2877 1590 2927 δὴ
1608 2881 1752 2916 Bekker

200 2943 244 2977 γε
267 2942 335 2969 om.
359 2933 613 2972 FLAMVWE
728 2933 967 2972 *κατάθεσιν
990 2935 1054 2971 PV
1169 2938 1211 2970 22
1236 2934 1446 2982 σφαλερὰν]
1477 2934 1654 2983 φάλαγγα
1677 2936 1706 2971 P

89 2987 294 3034 γενομένην
315 2989 378 3025 PE

1779 486 1858 523 41⁴.)

1781 956 1855 995 421

1780 1091 1860 1130 422

1779 1295 1860 1334 423
