2029 3392
541 215 700 261 ANTIQ.
727 215 824 253 ΗΠ).
850 216 917 252 ΧΠ
943 220 1117 255 4¹5—421
1145 223 1233 260 (mo.
1255 225 1298 253 χι.
1316 226 1344 263 ι)
1698 226 1774 262 145

125 327 238 374 εἶναι
277 330 348 373 καὶ
388 328 564 387 φίλους,
604 330 674 372 καὶ
708 333 947 387 Δημητρίῳ
978 331 1170 386 γράψαι,
1210 328 1335 383 ὅπως
1373 334 1430 391 μὴ
1473 336 1643 393 πολεμῇ
1674 338 1775 388 τοῖς

119 393 368 447 Ἰουδαίους.
427 395 644 446 ἐλθόντας
673 396 720 439 δὲ
742 396 805 447 είς
825 396 903 453 την
920 394 1081 455 Ῥώμην
1110 399 1212 450 τοὺς
1243 400 1365 456 παρὰ
1388 403 1464 444 τοῦ
1483 397 1620 445 Ἰούδα
1642 420 1775 458 πρεσ-
1810 406 1888 444 -116

123 465 283 521 βευτάς
311 463 337 523 ἡ
367 463 601 520 σύγκλητος
632 464 800 517 δέχεται
831 466 902 507 καὶ
936 465 1221 519 διαλεχθεῖσα
1253 471 1354 523 περὶ
1385 464 1443 511 ὦν
1480 468 1778 528 ἐπέμφθησαν

123 532 203 590 τὴν
233 535 480 588 συμμαχίαν
511 530 716 574 ἐπινεύει.
777 531 1004 589 ποιήσασα
1044 534 1089 574 δὲ
1123 536 1223 589 περὶ
1255 535 1411 578 τούτου
1443 536 1583 592 δόγμα
1617 537 1666 579 τι)
1699 538 1778 591 μὲν

76 609 94 641 ⁶
125 595 394 658 ἀντίγραφον
424 598 487 649 εἰς
514 597 594 653 τὴν
620 594 834 642 Ἰουδαίαν
866 596 1136 651 ἀπέστειλεν,
1178 598 1282 644 αὐτὸ
1316 601 1357 644 δ’
1385 603 1447 653 εἰς
1476 602 1526 646 τὸ
1561 605 1776 647 Καπετώ-

123 668 218 711 λιον
256 666 319 718 εἰς
351 667 515 721 χαλκᾶς
554 664 850 721 ἐγγράψαντες
889 667 1065 717 δέλτους
1104 664 1336 713 ἀνέθεσαν.
1396 661 1447 727 ἦν
1478 671 1525 714 δὲ
1554 673 1776 714 τοιοῦτον·
1808 676 1886 714 417

121 733 291 790 ,,δόγμα
321 732 556 791 σιγκλὴτου
587 735 689 787 περὶ
723 738 971 788 σιμμαχίας
1002 751 1073 778 και
1107 731 1278 787 εὐνοίας
1312 739 1388 794 τῆς
1419 738 1533 793 πρὸς
1562 738 1610 781 τι)
1645 738 1777 789 ἔθνος

121 799 171 844 τὸ
199 798 434 844 ’.Ιουδαίων
493 801 659 857 μηδένα
697 803 784 844 τιῦν
824 798 1187 858 ὑποτεταγμένων
1214 801 1444 858 Ῥιιιμαίοις
1475 808 1684 860 πολεμεῖν
1714 809 1776 849 τιιῖ

117 863 340 912 Ἰουδαίων
379 867 501 911 ἔθνει
542 868 651 924 μηδὲ
690 877 785 919 τοῖς
816 870 1059 928 πολεμοιξσι
1090 880 1288 927 χορηγεῖν
1320 890 1341 928 r·
1375 883 1496 916 σῖτον
1529 867 1592 931 ἢ
1583 875 1720 917 πλοῖα
1751 868 1777 931 ἢ

57 942 95 977 10
117 934 333 992 χρήματα.
392 934 468 978 ἐὰν
500 935 547 979 δὲ
579 936 742 978 ἐπίωσί
762 953 876 987 τινες
885 933 1136 1014 ἐνίοιδαίοις,
1166 942 1353 996 βοηθεῖν
1370 937 1606 994 ΠΡωμαίοις
1629 939 1777 991 αἰτοῖς
1807 942 1887 982 418

118 1001 229 1045 κατὰ
258 1001 308 1046 τὸ
341 1002 539 1055 δυνατόν,
580 1005 653 1047 καὶ
685 1004 834 1056 πάλιν,
875 998 929 1047 ιἰν
959 1008 1010 1062 τῆ
1038 1003 1259 1060 Ῥωμαίων
1291 1006 1478 1051 ἐπίωσίν
1509 1025 1644 1061 τινες,
1673 1005 1776 1053 Ἰου-

119 1069 271 1120 δαίοις
312 1066 461 1122 αὐτοῖς
501 1080 754 1126 συμμαχεῖν.
815 1091 868 1115 αν
905 1073 952 1115 δέ
990 1090 1033 1116 τι
1075 1072 1187 1129 πρὸς
1224 1073 1384 1132 ταύτην
1420 1075 1498 1131 την
1530 1082 1777 1131 σιμμαχίαν

118 1136 288 1195 θελήσῃ
328 1136 378 1180 τὸ
417 1139 505 1180 τιῦν
542 1133 763 1182 Ἰουδαίων
803 1139 935 1191 ἔθνος
973 1133 999 1194 ἢ
1040 1145 1311 1195 προσθεῖναι
1351 1136 1376 1198 ἦ
1414 1138 1607 1199 αφελεῐν,
1647 1147 1776 1187 τοῦτο

118 1207 243 1262 κοινῆ
272 1208 468 1261 γινέσθω
497 1205 645 1263 γνώμῃ
678 1209 755 1249 τοῦ
787 1207 926 1265 δημου
956 1209 1033 1250 τοῦ
1060 1205 1294 1262 Ρωμαίων
1335 1209 1358 1253 ὃ
1392 1206 1434 1252 δ’
1461 1229 1514 1253 αν
1545 1214 1776 1268 ιροστεθι]

54 1279 91 1314 15
119 1269 242 1316 τοῦτ’
270 1270 382 1316 εἶναι
413 1272 572 1329 κύριον.
634 1270 799 1331 ἐγράφη
830 1274 879 1317 τὸ
915 1275 1054 1330 δόγμα
1087 1273 1172 1318 ὑπὸ
1201 1272 1458 1331 Εὐπολέμου
1480 1280 1556 1320 τοῦ
1575 1274 1774 1321 Ἰωάννου
1807 1280 1887 1318 419

121 1339 286 1392 παιδὸς
332 1342 403 1383 καὶ
451 1337 538 1383 ὑπὸ
574 1336 764 1392 Ἰάσονος
803 1344 879 1384 τοῦ
916 1339 1167 1398 Ἐλεαζάρου
1207 1339 1282 1385 ἐπ’
1315 1339 1547 1400 ἀρχιερέως
1585 1347 1663 1399 μὲν
1701 1348 1777 1389 τοῦ

121 1407 282 1460 ἔθνους
323 1408 479 1460 Ἰούδα,
521 1411 762 1465 στρατηγοῦ
803 1409 849 1451 δὲ
885 1413 1083 1464 Σίμωνος
1119 1412 1197 1453 τοῦ
1238 1407 1430 1467 ἀδελφοῦ
1471 1409 1645 1456 αἰ·τοῦ.“
1705 1415 1776 1456 καὶ

119 1476 198 1534 τὴν
236 1476 314 1531 μὲν
353 1475 531 1532 πρώτην
557 1473 785 1530 Ῥωμαίοις
822 1475 936 1530 πρὸς
961 1473 1198 1528 Ἰουδαίους
1237 1480 1391 1535 φιλίαν
1420 1483 1493 1523 καὶ
1530 1486 1778 1535 συμμαχίαν

121 1545 260 1596 οὕτως
291 1547 446 1601 συνέβη
477 1546 702 1599 γενέσθαι.

52 1617 90 1651 20
231 1613 306 1656 XI.
332 1617 367 1655 1.
398 1607 652 1668 Δημήτριος
675 1607 715 1653 δ’
743 1607 1101 1670 ἀπαγγελθείσης
1123 1608 1240 1669 αὐτῷ
1261 1617 1338 1670 τῆς
1361 1615 1606 1668 Νικάνορος
1628 1617 1774 1658 τελεν-
1806 1615 1887 1655 420

118 1681 196 1737 τῆς
224 1681 298 1722 καὶ
329 1680 404 1735 τῆς
434 1674 660 1729 ἀπωλείας
689 1681 767 1721 τοῦ
801 1678 878 1721 σὺν
910 1675 1027 1735 αι”τῷ
1059 1680 1382 1735 στρατεύματος
1404 1681 1539 1725 πάλιν
1559 1682 1636 1725 τὸν
1658 1688 1774 1726 Βακ-

116 1746 243 1802 χίδην
271 1744 382 1800 μετὰ
414 1745 639 1800 δυνάμεως
670 1745 732 1795 εἷς
761 1745 839 1803 τὴν
863 1742 1079 1790 Ἰουδαίαν
1110 1747 1371 1803 ἐξέπεμψεν.
1431 1748 1480 1800 ὃς
1511 1748 1555 1792 ἐκ
1583 1752 1659 1805 τῆς
1678 1746 1776 1792 Άν-
1807 1749 1885 1789 421

118 1817 313 1867 τιοχείας
334 1812 576 1871 ἐξορμήσας
596 1814 666 1855 καὶ
691 1813 1046 1868 παραγενόμενος
1067 1814 1129 1865 εἰς
1148 1814 1228 1872 τὴν
1243 1811 1459 1859 Ἰουδαίαν
1482 1815 1526 1858 ἓν
1546 1812 1777 1873 Ἀρβήλοις

119 1882 252 1926 πόλει
281 1883 358 1939 τῆς
390 1881 633 1930 Γαλιλαίας
664 1880 1075 1935 στρατοπεδεύεται,
1111 1883 1184 1924 καὶ
1215 1881 1317 1934 τοὺς
1348 1882 1392 1926 ἐν
1421 1892 1515 1933 τοῖς
1545 1883 1631 1927 ἐκεῖ
1661 1899 1777 1941 σπη-

233 2039 254 2082 §
276 2040 341 2073 415
366 2054 410 2067 =
438 2039 468 2073 1.
484 2036 648 2071 Maccab.
668 2035 753 2070 VIII
782 2038 831 2070 18.

230 2182 595 2219 PFLAMVWELat
606 2181 766 2217 Zonaras
789 2181 806 2215 I
830 2191 866 2226 p.
893 2183 970 2217 374.

234 2243 251 2276 1
277 2241 466 2284 *πολεμεῖ
486 2238 515 2273 Ρ
585 2243 670 2274 τοῖσ
687 2237 872 2274 ἰουδαίοισ
887 2237 1078 2273 AMVWE
1148 2241 1167 2273 2
1192 2235 1309 2284 παρὰ]
1327 2241 1413 2286 περὶ
1429 2238 1462 2273 Ε
1531 2241 1601 2275 τοῦ
1616 2249 1681 2276 om.
1699 2239 1731 2274 E

119 2293 248 2333 ἰούδαν
263 2305 309 2331 ex
326 2305 418 2331 corr.
436 2295 468 2330 E
538 2297 558 2329 3
582 2296 809 2339 διαλεχθεῖσι
833 2296 858 2334 (ι
874 2293 982 2329 finale
998 2303 1041 2329 ex
1057 2303 1148 2329 corr.
1166 2294 1212 2336 A)
1229 2294 1350 2329 AMW
1423 2298 1445 2329 4
1468 2296 1553 2341 περὶ
1570 2292 1716 2332 τούτων
1743 2295 1775 2330 Ε

233 2355 253 2387 5
278 2351 318 2389 δὲ
340 2351 373 2387 Ε
443 2351 510 2386 litt.
526 2347 609 2399 &rb
633 2363 733 2386 καπε
756 2350 779 2384 i.
797 2359 868 2384 ras.
894 2349 924 2383 F
993 2348 1254 2386 *καπιτιόλιον
1278 2354 1326 2391 (ιτ
1340 2349 1364 2384 i.
1381 2359 1451 2384 ras.
1471 2360 1561 2385 corr.
1587 2351 1632 2391 A)
1655 2350 1729 2385 AM

119 2409 140 2443 6
163 2404 479 2454 *ἐπιγράψαντεσ
502 2407 530 2441 Ρ
599 2407 752 2443 τοιοῦτο
777 2403 931 2439 LAMW
1002 2409 1019 2439 7
1045 2400 1168 2451 δόγμα
1192 2426 1236 2431 ——
1261 2408 1280 2440 8
1305 2401 1488 2442 Ἰουδαίων
1512 2416 1578 2441 om.
1603 2406 1640 2441 in
1662 2410 1775 2447 textu,

118 2463 286 2508 ascripsit
300 2463 325 2498 i.
341 2473 450 2507 marg.
474 2466 656 2507 tamquam
679 2462 829 2496 indicem
854 2461 1054 2496 omissionis
1078 2462 1179 2505 signo
1203 2472 1276 2497 non
1299 2462 1420 2497 addito
1446 2461 1475 2495 L
1557 2459 1675 2498 ἔθνοσ
1698 2465 1775 2499 τῶν

119 2517 295 2556 ἰουδαίων
317 2518 538 2554 FLAMVW
651 2523 671 2553 9
693 2524 881 2565 χωρηγεῖν
904 2517 933 2551 Ρ
1046 2520 1082 2551 10
1107 2515 1239 2553 ἐπιῶσι
1263 2516 1322 2551 PF
1347 2515 1505 2563 ἐπιβιῦσι
1530 2517 1684 2552 LAMW

120 2572 310 2621 ῥωμαίοισ
326 2575 372 2609 W
443 2578 482 2610 11
509 2571 556 2612 ὁίν
580 2577 638 2620 τῇ]
656 2572 704 2611 ἄν
726 2588 796 2610 τινι
820 2573 974 2608 LAMW
1042 2570 1198 2610 ἐπιῶόιν
1221 2575 1284 2614 (-σι
1301 2573 1345 2615 F)
1361 2573 1420 2607 PF
1444 2571 1602 2619 ἐπιβῶσι
1619 2573 1774 2610 LAMW

234 2632 277 2665 12
302 2627 394 2677 αὓτῆ
409 2630 442 2665 V
510 2626 578 2666 ἐὰν
593 2630 747 2666 LAMW
816 2633 862 2671 τι]
880 2642 940 2666 τισ
955 2629 1050 2665 PFV
1118 2627 1233 2676 ταύτῃ
1248 2630 1278 2664 L
1351 2632 1390 2664 13
1416 2632 1633 2675 προσθῆναι
1648 2630 1728 2665 LW

122 2686 166 2719 14
187 2684 357 2731 γενέσθω
378 2685 410 2719 F
434 2685 611 2732 γενέσθαι
627 2686 661 2720 V
683 2687 880 2732 γίγνεσθαι
895 2685 1017 2721 AMW
1085 2684 1202 2732 δήμου
1225 2688 1302 2721 τῶν
1317 2684 1499 2731 ῥωμαίων
1515 2685 1574 2719 PF
1576 2685 1730 2721 LMVW

124 2733 147 2776 ὃ
170 2759 214 2766 -
240 2743 280 2776 15
303 2738 435 2787 κύριον
458 2752 527 2778 om.
543 2741 615 2776 Lat
704 2743 893 2788 προστιθῆ
909 2741 955 2775 W
1049 2745 1089 2776 15
1113 2738 1173 2783 τὸ]
1197 2741 1236 2778 δὲ
1259 2738 1305 2777 τὸ
1321 2740 1423 2775 PLat
1516 2743 1556 2776 16
1579 2743 1641 2777 καὶ
1657 2751 1724 2777 om.
1742 2741 1774 2776 L

234 2792 403 2834 ἰάσωνοσ
425 2797 491 2832 LV
580 2796 642 2834 ἐπὶ
665 2797 883 2833 FLAMVW
984 2799 1024 2833 18
1048 2792 1256 2839 Ἰουδαίους]
1281 2794 1385 2833 ἰούδα
1408 2797 1441 2831 Ε
1520 2798 1647 2842 φιλίαν
1669 2798 1775 2842 πρὸσ

123 2849 318 2888 ἰουδαίουσ
339 2855 384 2888 tr.
409 2852 438 2887 P
463 2853 526 2889 sed
548 2853 642 2888 idem
667 2853 822 2888 correxit
942 2855 982 2888 19
1009 2847 1108 2890 οὕτω
1131 2852 1320 2887 AMVWE
1435 2854 1476 2886 20
1500 2852 1522 2886 i.
1545 2862 1654 2897 marg.
1679 2851 1717 2889 x'
1742 2854 1773 2889 L

122 2904 271 2941 XVIII
289 2906 360 2942 Lat
473 2905 494 2945 ὃ
519 2906 722 2955 δημήτριοσ
746 2909 778 2944 Ε
892 2904 941 2951 δ’]
966 2905 1001 2945 δ’
1027 2902 1152 2945 οῧτωσ
1174 2908 1203 2943 P
1227 2908 1265 2945 δὲ
1288 2908 1321 2943 Ε
1429 2910 1467 2942 21
1497 2903 1613 2945 αὐτοῦ
1637 2909 1684 2944 W

125 2963 167 2997 23
191 2959 287 3008 *τὴν
309 2973 378 2998 om.
403 2963 435 2999 V
526 2960 706 3011 οἷρβηλεισ
729 2965 756 3000 Ρ

193 3022 329 3057 Iosephus
349 3024 398 3050 111.
1459 3023 1499 3055 10
