2029 3392
574 212 735 256 ANTIQ.
762 211 856 246 IUD.
884 210 968 245 XIII
995 214 1172 246 250—260
1197 215 1254 253 (ux.
1274 213 1346 256 με)
1712 210 1789 247 199

133 330 299 370 σθέντα
329 329 391 382 τῷ
423 325 467 369 ἐν
493 321 810 380 Ἱεροσολύμοις
850 324 953 380 ἱερῷ
986 324 1102 375 ναόν,
1143 324 1192 367 ὃν
1222 321 1507 380 Ἀλέξανδρος
1546 321 1790 377 ἐπέτρεψεν

134 395 421 449 οἰκοδομῆσαι
444 393 752 448 Σαναβαλλέτῃ
784 394 846 447 τῷ
869 394 1098 448 στρατηγῷ
1122 392 1194 435 διὰ
1224 394 1302 435 τὸν
1322 390 1518 448 γαμβρὸν
1541 392 1791 446 Μανασσῆν

132 461 209 505 τὸν
244 459 434 512 Ἰαδδοῦς
472 462 549 503 τοῦ
589 456 822 515 ἀρχιερέως
860 455 1074 515 ἀδελφόν,
1116 457 1174 509 ὡς
1214 460 1432 516 πρότερον
1471 456 1789 514 δεδηλώκαμεν.

135 533 290 586 συνέβη
331 529 377 571 δὲ
414 527 491 571 τὸν
528 526 633 569 ναὸν
672 529 828 569 τοῦτον
868 526 1027 584 ἔρημον
1066 530 1276 582 γενέσθαι
1317 526 1427 581 μετὰ
1466 525 1537 583 ε’τη
1571 524 1790 568 διακόσια.

89 605 108 637 5
129 595 332 652 Ὑρκανὸς
362 596 408 638 δὲ
438 596 507 638 καὶ
539 597 616 652 τῆς
643 590 890 649 Ἰδουμαίας
922 595 1039 650 αἱρεῖ
1069 594 1224 645 πόλεις
1254 593 1428 649 Ἄδωρα
1457 596 1530 637 καὶ
1562 592 1789 647 ΒΊάρισαν,

135 667 205 708 καὶ
248 664 449 714 ἅπαντας
487 661 590 713 τοὺς
618 658 887 716 Ἰδουμαίους
927 658 1015 704 ὑπὸ
1052 671 1177 717 χεῖρα
1217 662 1517 720 ποιησάμενος
1549 659 1792 715 ἐπέτρεψεν

139 728 282 782 αὐτοῖς
317 733 463 785 μένειν
502 729 546 772 ἐν
584 732 636 786 τῇ
674 730 814 787 χώρᾳ,
859 729 897 772 εἰ
937 732 1271 784 περιτέμνοιντο
1312 729 1367 772 τὰ
1407 729 1557 772 αἰδοῖα
1596 730 1668 771 καὶ
1700 736 1794 777 τοῖς

132 795 350 843 Ἰουδαίων
389 797 540 852 νόμοις
576 797 833 854 χρήσασθαι
873 798 1064 840 θέλοιεν.
1134 798 1176 840 οἱ
1221 798 1267 840 δὲ
1304 797 1440 853 πόθῳ
1485 799 1562 852 τῆς
1601 799 1792 851 πατρίου

135 868 208 924 γῆς
246 868 318 909 καὶ
348 864 426 922 τὴν
457 864 700 922 περιτομὴν
731 867 803 908 καὶ
833 865 912 920 τὴν
944 861 1078 921 ἄλλην
1107 867 1185 907 τοῦ
1214 868 1313 919 βίου
1347 865 1522 907 δίαιταν
1553 861 1796 918 ὑπέμειναν

69 941 107 975 10
134 933 208 991 τὴν
239 929 374 990 αὐτὴν
399 929 630 984 Ἰουδαίοις
660 933 962 990 ποιήσασθαι.
1021 929 1239 983 κάκείνοις
1269 928 1419 983 αὐτοῖς
1457 931 1612 988 χρόνος
1654 928 1795 986 ὑπῆρ-

132 1018 206 1056 χεν
234 997 346 1044 ὥστε
377 998 490 1044 εἶναι
519 999 568 1044 τὸ
603 999 762 1043 λοιπὸν
789 996 1037 1050 Ἰουδαίους.

246 1073 284 1112 2.
312 1066 515 1125 Ὑρκανὸς
546 1069 593 1111 δὲ
624 1066 646 1111 ὁ
681 1064 904 1123 ἀρχιερεὺς
935 1064 1282 1111 ἀνανεώσασθαι
1310 1066 1389 1124 τὴν
1420 1066 1534 1123 πρὸς
1559 1063 1797 1120 Ῥωμαίους

136 1138 289 1194 φιλίαν
317 1135 584 1192 βουλόμενος
605 1139 776 1190 πέμπει
798 1134 912 1191 πρὸς
934 1131 1091 1186 αὐτοὺς
1112 1139 1366 1192 πρεσβείαν.
1420 1137 1493 1179 καὶ
1514 1132 1539 1192 ἡ
1563 1133 1798 1191 σύγκλητος

137 1204 344 1262 δεξαμένη
385 1203 439 1246 τὰ
482 1199 590 1258 παρ)
629 1200 761 1246 αὐτοῦ
801 1203 1038 1259 γράμματα
1077 1212 1276 1247 ποιεῖται
1315 1202 1428 1259 πρὸς
1469 1198 1601 1245 αὐτὸν
1643 1202 1798 1259 φιλίαν

69 1280 105 1313 15
134 1272 274 1328 τούτῳ
303 1274 367 1327 τῷ
396 1271 569 1327 τρόπῳ·
605 1288 625 1311 *
653 1271 846 1322 Φάννιος
868 1271 1057 1327 Μάρκου
1081 1270 1174 1322 υἱὸς
1196 1270 1437 1328 στρατηγὸς
1456 1269 1619 1328 βουλὴν
1640 1266 1797 1326 ἤγαγεν

137 1339 224 1396 πρὸ
257 1336 368 1383 ὀκτώ
401 1339 530 1382 εἰδῶν
555 1343 870 1395 Φεβρουαρίων
901 1338 945 1382 ἐν
967 1342 1170 1395 Κομιτίῳ
1201 1338 1425 1394 παρόντος
1445 1341 1644 1381 Λουκίου
1667 1340 1798 1379 Μαν-

136 1411 231 1451 νίου
261 1411 461 1451 Λουκίου
500 1408 595 1450 υἱοῦ
626 1411 829 1450 ΙΙΙεντίνα
866 1408 937 1450 καὶ
973 1408 1108 1450 Γαΐου
1139 1410 1429 1461 Σεμπρωνίου
1461 1409 1671 1449 πενναίου
1702 1404 1800 1447 υἱοῦ

140 1476 344 1530 Φαλέρνα
384 1476 486 1529 περὶ
528 1471 588 1517 ὦν
630 1474 919 1529 ἐπρέσβευσεν
950 1478 1100 1529 Σίμων
1130 1477 1360 1517 Δοσιθέου
1397 1476 1470 1517 καὶ
1498 1470 1800 1521 Ἀπολλώνιος

247 1600 268 1643 ξ
295 1602 360 1632 256
384 1614 427 1626 =
453 1598 534 1633 bell.
560 1597 636 1633 Iud.
662 1598 680 1632 I
705 1600 760 1634 (53.

247 1721 611 1757 PFLAMVWELat
623 1721 782 1756 Zonaras
805 1721 822 1754 1
846 1732 882 1765 p.
907 1723 972 1756 388
995 1721 1074 1756 Exc
1099 1721 1143 1756 de
1166 1720 1414 1764 legationibus.

252 1782 266 1813 1
295 1775 430 1820 *ναὸν]
456 1779 538 1825 ναῷ
559 1778 599 1812 Μ
691 1779 710 1811 2
735 1777 1024 1823 *σαναβαλλέτη
1049 1779 1104 1813 τῶ
1129 1779 1328 1823 στρατηγῶ
1353 1776 1600 1822 οἰκοδομῆσαι
1616 1781 1662 1810 tr.
1679 1774 1801 1810 AMW

249 1833 489 1880 σαναβαλέτη
521 1833 587 1868 FE
616 1831 856 1880 ἅναβαλλε-’τη
887 1833 920 1868 V
1067 1836 1085 1867 3
1119 1830 1271 1869 ἰάδδουσ
1302 1833 1336 1866 Α
1367 1832 1494 1869 zaddo&
1526 1832 1555 1866 F
1590 1832 1740 1868 ἰαδδοῦν
1770 1830 1801 1865 L

137 1888 263 1928 ἰάδδου
286 1891 319 1925 V
342 1890 445 1925 {addi
467 1890 539 1925 Lat
630 1886 692 1932 ὡς]
718 1885 774 1925 ὥσ
797 1892 861 1925 καὶ
885 1890 917 1924 V
1011 1894 1029 1924 5
1054 1887 1179 1936 *αἴρει
1202 1889 1296 1924 PFL
1390 1885 1520 1936 α’δώρα
1545 1888 1575 1922 L
1601 1884 1731 1932 α’δῶρα
1755 1886 1803 1921 W

137 1948 251 1984 abor-a
276 1947 347 1981 Lat
371 1942 552 1993 Ἀδωρεόν
575 1946 656 1982 bell.
673 1945 751 1981 Iud.
821 1942 988 1993 μάρισαν
1011 1949 1036 1988 (ι
1053 1956 1099 1981 ex
1116 1961 1138 1992 η
1155 1956 1258 1989 corr„
1285 1960 1308 1982 α
1324 1946 1347 1980 i.
1366 1956 1437 1981 ras.
1455 1946 1501 1985 A)
1517 1944 1584 1979 AV
1608 1941 1803 1990 μα’ρδησον

135 2004 164 2039 Ρ
188 2000 355 2051 μαρισὰν
378 2002 409 2037 L
432 1998 609 2049 μαρησὸν
633 2002 680 2037 W
797 2005 816 2037 6
841 1999 1022 2039 *πάντασ
1044 2003 1167 2038 AMW
1277 2003 1583 2047 *ἰουδουμαίουσ,
1609 2013 1653 2036 ου
1677 2002 1759 2044 post
1784 2002 1805 2035 ὁ

134 2061 158 2096 i.
176 2070 245 2096 ras.
272 2060 301 2094 F
418 2057 491 2096 ὑπὸ
513 2061 637 2105 χεῖρα]
659 2054 908 2105 ὑποχειρίουσ
933 2059 1187 2094 FLAMVWE
1303 2063 1321 2093 7
1348 2058 1638 2104 *περιτέμνοιτο
1664 2056 1711 2090 W

137 2143 156 2176 8
181 2108 278 2178 *Zog'
304 2139 337 2174 V
422 2139 601 2182 νομίμοισ
624 2137 778 2172 AMWE
869 2141 1035 2185 χρῆσθαι
1059 2137 1314 2173 FLAMVWE
1409 2141 1449 2173 10
1473 2132 1664 2178 κάκείνοις
1688 2155 1732 2160 -
1758 2138 1799 2171 11

138 2194 349 2239 Ἰουδαίους]
374 2194 528 2240 ideoqve
551 2205 600 2229 ex
624 2193 688 2228 illo
717 2198 874 2240 tempore
898 2199 1095 2241 coeperunt
1119 2206 1196 2230 esse
1219 2194 1341 2229 iudaei
1357 2194 1429 2229 Lat
1453 2198 1550 2229 recte
1619 2187 1801 2229 κᾶκεῖνοσ

136 2255 170 2292 V
262 2247 396 2290 αὖτοῖσ
420 2251 460 2286 Μ
561 2247 725 2296 χρόνοισ
747 2250 903 2286 LAMW
1014 2245 1129 2298 ἦρχεν
1152 2251 1307 2286 LAMW
1402 2253 1440 2285 11
1468 2244 1564 2287 ὥστ’
1589 2249 1710 2284 AMW

135 2308 326 2352 Ἰουδαίοις
350 2308 501 2343 Hudson
597 2309 637 2341 12
661 2307 770 2351 incip.
795 2307 874 2342 Exc
985 2311 1026 2342 14
1049 2303 1206 2348 *αὐτοῦ1
1233 2303 1351 2344 αὐτὸν
1375 2302 1513 2349 (αὐτῶν
1538 2306 1616 2341 cod.
1642 2305 1802 2347 Monac.)

137 2391 218 2426 Exc
313 2392 352 2424 15
378 2364 519 2434 ‹pciffto'cr
542 2386 572 2420 F
597 2380 738 2431 φάνιοσ
761 2386 949 2422 LAMVW
1042 2382 1063 2423 ὃ
1088 2383 1239 2433 μάρκου
1262 2386 1342 2421 Exc
1440 2383 1592 2432 ἤγαγεν]
1618 2381 1803 2431 συνήγαγε

137 2446 292 2482 LAMW
317 2445 423 2481 iussit
446 2444 640 2479 conuenire
663 2443 735 2478 Lat
873 2445 913 2478 16
938 2440 1014 2491 πρὸ
1041 2464 1082 2469 -
1110 2444 1388 2490 Φεβρουαρίων
1412 2452 1481 2477 om.
1506 2441 1586 2476 Exc
1715 2441 1804 2477 ἰδῶν

138 2503 268 2538 LA¹W
368 2501 635 2548 φευρουαρίων
658 2500 841 2535 PFLMW
957 2501 1138 2550 Κομιτίῳ]
1164 2499 1368 2534 Brissonius
1392 2496 1532 2535 κόππω
1556 2497 1585 2532 Ρ
1609 2495 1747 2542 κόμπω
1773 2497 1802 2531 F

140 2560 293 2604 κομπίω
317 2557 506 2593 LAMVW
531 2568 659 2603 campo
683 2556 754 2591 Lat
777 2557 933 2600 πομπίω
958 2556 1036 2591 Exc
1177 2557 1308 2590 16—18
1332 2558 1524 2601 praesente
1548 2554 1643 2589 lucio
1667 2553 1802 2589 manlio

142 2614 277 2657 (mallio
301 2613 379 2648 cod.
405 2613 571 2658 Neapol.)
595 2613 667 2648 luci
690 2613 838 2647 memini
859 2612 938 2657 filio
964 2616 999 2647 et
1021 2612 1108 2658 qaio
1133 2612 1340 2658 sempronio
1362 2610 1534 2656 falernae
1554 2609 1634 2654 filio
1658 2609 1730 2644 Lat

141 2671 309 2707 Λουκίου
334 2671 510 2706 Μαννίου
534 2681 602 2706 om.
628 2669 656 2704 P
733 2670 872 2713 μανίου
895 2668 1017 2703 AMW
1102 2671 1140 2703 17
1166 2669 1334 2705 Λουκίου
1357 2678 1426 2703 om.
1442 2667 1566 2702 AMW
1635 2667 1805 2703 Λουκίου

143 2746 187 2751 -
204 2727 372 2762 Μεντίνα
390 2736 458 2762 om.
477 2726 556 2762 Exc
626 2727 809 2767 Μεντίνα]
829 2725 999 2771 Μενηνία
1016 2724 1200 2759 Manutius
1221 2725 1455 2770 Τρομεντίνα
1472 2723 1613 2759 Ritschl
1680 2722 1806 2770 yocaez'vv

145 2791 188 2817 ex
211 2781 321 2828 γαΐου
346 2792 438 2818 corr.
463 2782 493 2816 F
566 2783 801 2829 σεμπρονίου
824 2782 857 2816 V
949 2782 1130 2818 πενναίου
1153 2800 1196 2805 -
1225 2782 1264 2815 18
1284 2779 1459 2827 Φαλέρνα
1485 2790 1553 2815 om.
1570 2780 1648 2814 Exc
1718 2792 1805 2817 πεν-

145 2860 266 2902 ναίου]
291 2860 448 2897 πεννέου
464 2861 526 2895 FL
552 2841 711 2898 πεῖαΐου
734 2861 767 2894 Α
792 2859 972 2897 πενναίου
988 2860 1038 2902 M,
1062 2859 1086 2894 i.
1104 2869 1213 2902 marg.
1237 2872 1285 2906 γρ
1309 2861 1470 2911 πεννεοῦ
1486 2859 1560 2893 ΑΜ
1584 2861 1743 2896 πεναιοῦ
1759 2858 1806 2894 W

144 2915 254 2963 γαΐου
278 2917 333 2952 ed.
355 2927 409 2961 pr.
435 2918 578 2954 Γναίου
602 2919 684 2953 coni
802 2919 842 2951 18
866 2919 1038 2963 φανερνᾶ
1053 2916 1082 2950 P
1107 2917 1279 2962 φαλερνᾶ
1301 2914 1442 2950 LAMV
1545 2913 1806 2963 ἐπρέσβευσεν]

147 2973 260 3018 leqati
279 2971 491 3007 iudaeorum
515 2974 585 3008 Lat
677 2973 862 3010 δωσιθέου
886 2973 948 3007 PA
972 2977 1008 3007 et
1030 2972 1109 3007 Exc
1135 2972 1234 3007 codd.
1261 2972 1428 3007 Ambros.
1452 2972 1595 3007 Monac.

1824 596 1903 636 257

1825 798 1906 838 258

1828 1069 1909 1109 259

1828 1272 1909 1312 260
