2107 3377
317 201 398 238 258
697 201 858 245 ANTIQ.
884 201 981 238 IUD.
1006 201 1093 238 XIV
1119 206 1298 239 100-105
1321 207 1561 247 (v1.2—4.v11.
1578 208 1608 249 1)

313 315 461 372 χώραν
501 313 793 373 ἐπερχόμενος
832 314 994 358 ἔκτεινε
1022 314 1196 368 πάντας
1236 312 1367 368 ὅσους
1408 316 1610 372 ἐπιτύχοι
1647 321 1735 361 τῶν
1761 316 1985 375 Ῥωμαίων

317 383 381 433 εἷς
410 399 458 426 τε
483 379 586 440 ὄρος
615 380 664 426 τὸ
686 381 955 437 καλούμενον
987 383 1189 439 Γαριζεὶν
1220 385 1530 443 συμφυγόντας
1561 386 1820 442 προσέκειτο
1851 389 1986 432 πολι-

316 453 469 504 ορκιῦν.

205 522 280 561 101
430 521 468 561 3.
497 515 545 562 Ὁ
576 518 621 560 δὲ
645 521 855 572 Γαβίνιος
883 521 1070 582 τοιαῦτα
1099 519 1153 562 τὰ
1174 520 1286 564 κατὰ
1316 521 1395 577 τὴν
1416 524 1581 575 Συρίαν
1610 521 1871 577 καταλαβών
1885 518 1984 566 Ἀν-

314 590 545 642 τίπατρον,
579 584 758 636 συνετὸς
777 584 859 641 γὰρ
880 584 945 642 ἠν,
967 589 1140 642 πέμπει
1161 588 1274 645 πρὸς
1295 588 1397 640 τους
1419 588 1720 646 νενοσηκότας,
1752 589 1792 632 εἰ
1812 592 1986 635 παῦσαι

316 653 526 712 δυνηθείη
567 655 644 711 τῆς
679 649 1030 711 παραφροσύνης
1062 650 1221 707 αὐτοί-ς
1257 658 1329 700 καὶ
1370 666 1528 700 πεῖσαι
1558 655 1673 713 πρὸς
1709 655 1787 700 τὸν
1819 653 1985 713 ἀμείνω

204 725 284 764 102
315 721 527 777 λογισμὸν
567 720 846 765 ἐπανελθεῖν.
902 719 925 766 0‘
959 718 1000 765 δ’
1036 722 1184 767 ἐλθών
1223 723 1417 776 πολλοὺς
1454 725 1534 779 μὲν
1573 724 1875 783 ἐσωφρόνισεν
1911 727 1986 770 καὶ

312 789 619 847 προσηγάγετο
639 791 704 846 τῷ
727 789 884 843 δέοντι,
915 789 992 834 τὸν
1025 791 1071 834 δὲ
1092 787 1381 847 Ἀλέξανδρον
1412 788 1488 836 οὐκ
1508 788 1708 851 ἠδυνήθη
1730 802 1984 847 κατασχεῖν·

313 859 506 914 στρατοῦ
534 856 618 914 γὰρ
657 857 766 912 ἔχων
797 854 925 909 οὗτος
955 859 1175 916 μυριάδας
1211 869 1330 916 τρεῖς
1355 855 1581 904 Ἰουδαίων
1613 856 1864 918 ἀπήντησεν
1896 865 1936 904 Γ
1934 880 1985 905 α-

310 929 441 982 βινίῳ
471 927 544 968 καὶ
577 925 814 981 συμβαλών
844 923 1032 984 ἡττᾶται
1061 923 1291 970 πεσόντων
1324 923 1443 984 αὗτῷ
1472 932 1642 985 μυρίων
1673 930 1778 985 περὶ
1806 925 1986 974 τὸἸτα-

309 993 462 1049 βυριον
493 1010 610 1050 ορος.

201 1062 279 1102 103
425 1066 465 1104 4.
506 1062 910 1118 Καταστησάμενος
949 1062 996 1104 δὲ
1029 1065 1238 1116 Γαβίνιος
1275 1061 1330 1104 τὰ
1369 1061 1480 1105 κατὰ
1518 1081 1596 1121 την
1627 1060 1985 1120 Ιεροσολυμιτῶν

310 1129 457 1183 πόλιν,
489 1127 549 1180 ὥς
578 1147 630 1188 ην
651 1125 933 1185 Ἀντιπάτρω
955 1130 1152 1182 θέλοντι,
1185 1129 1262 1173 ἐπὶ
1292 1129 1370 1187 τὴν
1392 1133 1665 1184 Ναβαταίων
1696 1130 1881 1188 ε’ρχεται,
1911 1132 1985 1174 καὶ

309 1206 461 1252 κρατεῖ
489 1198 569 1252 μὲν
599 1196 767 1240 τούτων
798 1199 851 1253 τῆ
881 1196 1010 1254 μάχη
1043 1197 1248 1252 Πάρθων
1280 1197 1327 1240 δὲ
1358 1197 1559 1254 φυγάδας
1585 1197 1883 1256 Μιθριδάτην
1910 1199 1984 1241 καὶ

200 1263 279 1302 104
304 1260 520 1323 Ὀρσάνην
542 1265 761 1316 ἐλθόντας
783 1264 1096 1320 προύπεμψεν,
1127 1267 1191 1321 τῷ
1214 1264 1261 1308 δὲ
1283 1264 1398 1322 λόγῳ
1431 1261 1692 1322 ἀπέδρασαν
1715 1262 1861 1310 αὐτόν.
1910 1267 1986 1310 καὶ

310 1337 521 1388 Γαβίνιος
550 1334 630 1388 μὲν
651 1332 756 1390 ἔργα
785 1332 956 1389 μεγάλα
985 1335 1060 1376 καὶ
1082 1332 1267 1390 λαμπρὰ
1288 1332 1398 1376 κατὰ
1428 1332 1508 1389 τὴν
1530 1338 1795 1392 στρατηγίαν
1818 1333 1986 1391 δράσας

310 1396 480 1458 ἀπῆρεν
507 1401 571 1453 εἷς
588 1399 753 1458 Ῥώμην
775 1400 972 1459 Κράσσῳ
1003 1400 1235 1456 παραδοὺς
1264 1400 1342 1457 τὴν
1365 1396 1511 1460 ἇρχήν.
1561 1403 1666 1458 περὶ
1689 1402 1736 1445 δὲ
1756 1404 1835 1460 τῆς
1855 1405 1984 1457 Πομ-

308 1473 446 1527 πηίου
485 1471 559 1513 καὶ
599 1473 811 1524 Γαβινίου
851 1472 1085 1526 στρατείας
1125 1468 1200 1512 ἐπὶ
1226 1465 1468 1521 Ἰουδαίους
1505 1470 1668 1527 γράφει
1698 1466 1983 1521 Νικόλαοςὸ

307 1537 604 1595 Δαμασκηνὸς
633 1539 707 1580 καὶ
733 1536 943 1593 Στράβων
975 1535 998 1580 ὅ
1031 1537 1294 1589 Καππάδοξ
1323 1533 1448 1581 οὗδὲν
1481 1537 1627 1594 ἕτερος
1657 1537 1806 1595 ἑτέρου
1837 1537 1984 1582 καινό-

306 1621 433 1659 τερον
464 1607 614 1662 λέγων.

196 1670 275 1711 105
420 1675 513 1718 VH.
548 1678 584 1716 1.
625 1674 834 1727 Κράσσος
866 1673 913 1716 δὲ
945 1673 1021 1717 ἐπὶ
1053 1673 1270 1729 Πάρθους
1299 1675 1471 1728 μέλλων
1502 1673 1754 1729 στρατεύειν
1784 1669 1885 1732 ἧκεν
1916 1672 1980 1725 εἷς

304 1740 383 1799 τὴν
399 1736 618 1785 ὛΙοιδαίαν
637 1744 711 1785 καὶ
732 1741 787 1784 τὰ
810 1740 854 1784 ἒν
875 1744 940 1797 τιῦ
962 1742 1066 1799 ἱεριῦ
1083 1741 1299 1799 χρήματα,
1334 1741 1360 1784 ἃ
1382 1741 1624 1799 Πομπήιος
1651 1743 1978 1794 καταλελοίπει,

307 1777 451 1863 δίσχίλ
455 1827 502 1853 ια
524 1805 567 1852 δ’
592 1807 646 1868 ἦν
665 1806 874 1862 τάλαντα,
905 1810 1136 1864 βαστάσας
1158 1806 1252 1860 οἷός
1272 1826 1320 1852 τε
1340 1827 1392 1865 ην
1412 1811 1486 1852 καὶ
1506 1809 1584 1853 τὸν
1602 1807 1763 1866 χρυσὸν
1787 1826 1978 1862 απαντα,

418 1923 440 1966 ξ
468 1925 531 1957 100
557 1938 600 1949 =
624 1921 705 1956 bell.
730 1922 808 1956 Iud.
833 1922 850 1956 I
879 1924 956 1958 176.

416 2012 783 2048 PFLAMVWELat
795 2012 956 2047 Zonaras
980 2011 997 2045 I
1021 2023 1055 2056 p.
1082 2014 1160 2047 403.

420 2073 434 2104 1
463 2068 648 2105 *ἐκτείνει
673 2069 720 2103 W
790 2062 926 2111 Ι’ὅσοις
952 2069 1031 2104 coni
1106 2065 1300 2114 *ἐπιτὺχει
1318 2067 1346 2101 Ρ
1417 2071 1435 2102 2
1462 2066 1514 2110 εἴς
1538 2071 1594 2110 τε]
1620 2067 1678 2104 εἰσ
1694 2063 1739 2103 τὸ
1757 2066 1979 2103 FLAMVW

301 2128 365 2162 καὶ
390 2125 448 2162 εἰσ
471 2123 516 2162 τὸ
542 2125 574 2160 Ε
683 2127 830 2172 γαριζὶν
852 2125 952 2161 FVE
1061 2124 1330 2171 *προσέκειτο]
1355 2126 1418 2160 καὶ
1443 2125 1670 2172 προσέκειτο
1698 2123 1917 2159 FLAMVW

301 2186 322 2218 4
347 2178 536 2230 γαβήνιοσ
559 2182 590 2216 Ε
616 2181 809 2226 eademque
833 2182 972 2217 ratione
994 2193 1030 2217 u.
1049 2185 1080 2224 9,
1101 2184 1153 2225 12,
1175 2184 1226 2223 16,
1247 2182 1287 2216 18
1380 2178 1440 2222 τὰ]
1466 2181 1689 2223 Gutschmid‚
1715 2191 1783 2216 om.
1803 2180 1905 2216 codd.

300 2235 571 2286 *α’ντίπατροσ
595 2238 626 2273 L
720 2242 739 2274 5
765 2238 915 2283 πέμπει]
941 2238 1159 2285 προπέμπει
1182 2236 1515 2272 FLAMVWELat
1589 2234 1716 2280 *τοὺς]
1743 2232 1884 2274 αὖτοὺσ
1900 2236 1931 2271 L

2016 935 2097 970 1⁰·

2015 1273 2105 1314 15.;

302 2298 321 2329 6
346 2297 440 2342 *τῆς
463 2296 486 2331 i.
511 2305 583 2331 ras.
609 2296 641 2329 A
726 2297 848 2331 καὶ-
868 2299 885 2329 Τ
905 2294 1141 2337 ἐπανελθεῖν]
1167 2299 1347 2340 quatenus
1371 2293 1420 2327 ad
1443 2294 1624 2329 meliorem
1647 2304 1790 2330 sensum
1815 2293 1979 2330 redirent
2045 2299 2049 2301 ’

299 2351 370 2387 Lat
473 2355 628 2389 *πεῖσαι
653 2363 720 2388 om.
746 2352 787 2395 P,
811 2352 896 2388 fort.
923 2354 1022 2386 recte
1111 2354 1128 2385 7
1155 2350 1193 2387 δὲ
1219 2349 1472 2385 FLAMVWE
1564 2347 1841 2397 *ἐσωφρόνησε
1863 2349 1930 2386 LV

300 2411 319 2442 9
354 2405 452 2454 ἔχων
478 2429 517 2433 -
544 2405 738 2450 Ιουδαιων]
771 2406 870 2454 ε’χων
901 2401 1018 2445 οὗτοσ
1048 2413 1154 2455 τρεῖσ
1188 2407 1364 2444 ἰουόαίων
1395 2404 1582 2453 μιριάδασ
1614 2406 1644 2441 F
1675 2403 1839 2453 ε’χοιτοσ
1869 2412 1977 2453 τρεῖσ

298 2463 485 2511 Διιυριάδασ
518 2465 696 2502 ἰουδαίων
728 2465 759 2499 L
793 2478 891 2511 εχων
924 2466 1042 2502 οὑτοσ
1074 2471 1179 2511 τρεῖσ
1210 2461 1396 2511 μιριάδασ
1429 2464 1606 2500 ἰουδαίων
1628 2463 1752 2499 AMW
1785 2457 1829 2510 y'
1857 2464 1975 2500 ov‘toa

300 2519 398 2568 ἔχων
421 2520 609 2568 μυριάὸασ
633 2521 813 2558 ἰουδαίων
829 2521 863 2557 V
887 2514 1004 2558 οὗτοσ
1028 2518 1126 2567 ἔχων
1148 2518 1336 2568 μυριάδασ
1360 2527 1465 2567 τρεῖσ
1482 2520 1661 2557 ἰουδαίων
1677 2519 1709 2554 Ε
1783 2522 1823 2555 12
1847 2519 1975 2567 *ιερο-

300 2582 523 2626 σολυμητιῦν
546 2579 574 2613 Ρ
599 2578 923 2624 hierosolymorum
948 2578 1019 2613 Lat
1114 2580 1152 2612 13
1180 2578 1252 2624 *ἠν
1276 2587 1344 2612 om.
1372 2577 1398 2611 P
1488 2574 1555 2622 τὴν
1580 2577 1830 2623 Ναβαταίων]
1858 2580 1974 2623 ναβα-

300 2637 432 2672 ταίοισ
456 2635 755 2670 FLAMWELat
782 2635 1014 2671 ναυαταίουσ
1038 2635 1071 2670 V
1184 2636 1225 2670 14
1250 2630 1494 2680 *μιθριδιὶτην
1517 2635 1578 2669 καὶ
1607 2628 1775 2680 ὀρσάνην
1799 2630 1974 2679 φυγάδασ

299 2696 342 2727 tr.
363 2692 394 2726 V
505 2696 546 2727 15
570 2689 796 2734 *ἐλθόνταςῙ
822 2688 926 2739 πρὸσ
949 2691 1020 2733 (εἰσ
1044 2690 1088 2733 F)
1113 2685 1232 2727 αὐτὸν
1255 2687 1447 2726 ἐλθόντασ
1471 2688 1692 2724 FLAMVW
1785 2687 1974 2733 ἐλθόντας

299 2769 340 2773 —
367 2745 497 2790 αὐτόν]
523 2748 670 2790 (limisit,
697 2748 760 2794 qui
779 2748 855 2793 fide
879 2759 951 2783 non
976 2752 1126 2783 seruata
1151 2746 1200 2782 ad
1218 2747 1395 2794 proprios
1418 2751 1623 2782 remearunt
1648 2745 1719 2780 Lat
1815 2749 1854 2782 16
1882 2748 1972 2782 *loc-

296 2805 425 2850 βίνιοσ
449 2805 482 2840 V
574 2803 730 2852 λαμπρὰ
754 2807 817 2840 καὶ
841 2802 988 2851 μεγάλα
1011 2807 1055 2839 tr.
1073 2804 1113 2840 M
1206 2804 1476 2849 *otpatm'la2']
1503 2803 1686 2850 στρατίαν
1711 2802 1738 2836 Ρ
1765 2803 1972 2849 στρατείαν

296 2861 327 2895 V
352 2861 584 2907 expedicione
608 2862 677 2897 Lat
751 2866 787 2897 17
814 2858 947 2908 κράσω
965 2861 996 2895 Ε
1070 2863 1109 2896 18
1136 2863 1320 2908 στρατιᾱσ
1349 2859 1412 2894 FL
1484 2863 1522 2894 21
1551 2859 1573 2894 i.
1603 2869 1712 2902 marg.
1739 2856 1790 2903 ιζ’
1816 2858 1879 2893 FL
1903 2857 1970 2905 ,νβ’

294 2917 327 2952 Ε
353 2916 482 2952 XIIII
503 2917 575 2952 Lat
696 2914 731 2954 δ’
756 2918 787 2952 V
903 2911 1018 2963 ἢλθεν
1042 2918 1073 2951 Ε
1188 2917 1327 2962 μέλλον
1351 2916 1397 2950 L¹
1491 2919 1533 2950 22
1558 2909 1768 2951 *Ἰουδαίαν
1799 2925 1867 2951 om.
1894 2915 1923 2949 F

295 2969 320 3011 ἑὲ
348 2970 367 3009 ὁ
395 2972 592 3020 πομπήιόσ
616 2974 647 3008 Ε
743 2977 784 3009 23
810 2970 858 3016 δ’]
883 2974 921 3011 δὲ
947 2973 1119 3009 FLAME
1144 2974 1214 3019 μὲν
1238 2974 1270 3008 V
1295 2971 1336 3019 δὴ
1362 2973 1408 3006 w
