2029 3392
36 948 72 982 10

36 1286 72 1321 15

561 216 721 260 ANTIQ.
750 216 844 251 lUD.
872 217 920 251 XI
950 220 1127 252 1³6—142
1151 221 1195 259 (v.
1214 223 1289 257 τε)
1707 219 1754 255 31

94 334 373 390 Ἰσραηλῖται.
433 329 662 386 παραδοὺς
701 329 744 371 δὲ
787 331 926 371 ταῦτα
957 338 1051 379 τοῖς
1084 331 1271 384 ἱερεῦσιν
1303 329 1325 371 ὁ
1351 327 1530 384 Ἔζδρας
1562 325 1760 373 ἀπέδωκε
1801 334 1874 373 137

99 403 160 457 τῷ
193 402 289 456 θεῷ
319 398 400 449 τὰς
439 397 483 440 ἐκ
512 399 601 439 τῶν
632 394 973 439 ὁλοκαυτώσεων
1006 402 1319 451 νενομισμένας
1348 402 1552 453 γίνεσθαι
1587 402 1763 447 θισιάς,

100 464 284 524 ταύρους
316 464 484 508 δώδεκα
514 461 624 520 ὑπὲρ
656 466 803 520 κοινῆς
831 466 909 506 τοῦ
933 465 1039 506 λαοῦ
1063 469 1296 522 σωτηρίας,
1328 464 1475 520 κριοί-ς
1499 461 1764 520 ἐνενήκοντα,

101 533 235 591 ἄρνας
265 532 665 589 ἑβδομηκονταδύο,
706 531 888 588 ἐρίφους
928 531 991 581 εἰς
1031 536 1301 589 παραίτησιν
1332 534 1419 574 τῶν
1453 529 1765 588 ἡμαρτημένων

100 601 295 645 δεκαδύο.
354 609 448 650 τοῖς
488 599 534 642 δὲ
574 602 651 642 τοῦ
681 601 902 654 βασιλέως
933 598 1183 653 οἰκονόμοις
1220 601 1290 642 καὶ
1323 608 1417 649 τοῖς
1449 598 1658 654 ἐπάρχοις
1689 602 1766 655 τῆς
1802 603 1878 644 138

99 669 246 725 κοίλης
275 671 438 723 Συρίας
467 669 538 710 καὶ
575 672 783 724 Φοινίκης
814 666 868 710 τὰ
900 666 1137 722 γράμματα
1167 669 1243 708 τοῦ
1274 668 1494 721 βασιλέως
1526 665 1765 710 ἀπέδωκεν.

101 736 143 780 οἱ
175 735 221 779 δὲ
250 734 300 778 τὸ
334 735 620 791 προσταχθὲν
660 731 737 777 ὑπ’
776 730 908 776 αὑτοῦ
950 743 1098 777 ποιεῖν
1135 730 1322 791 ἀνάγκην
1354 734 1523 787 ἔχοντες
1554 733 1766 791 ἐτίμησάν

99 821 146 847 τε
175 802 224 846 τὸ
258 803 391 853 ἔθνος
420 805 494 846 καὶ
526 802 640 858 πρὸς
671 805 822 845 πᾶσαν
855 798 973 858 αύτῷ
1002 806 1153 857 χρείαν
1186 801 1471 858 συνήργησαν.

214 875 251 914 3.
290 872 440 913 Ταῦτα
469 870 548 924 μὲν
580 861 655 914 οὖν
686 872 756 913 καὶ
793 867 924 920 αὐτὸς
955 868 1244 925 ἐβουλεύσατο
1270 866 1474 924 Ἔσδρας,
1514 869 1767 926 προεχιύρη-
1803 875 1881 914 139

102 954 174 982 σεν
205 934 246 981 δ’
275 934 394 994 αὐτῷ
425 942 654 994 κρίναντος
685 937 818 981 αὐτὸν
849 935 973 989 ἄξιον
1006 935 1133 992 οἶμαι
1162 939 1239 979 τοῦ
1272 939 1381 979 θεοῦ
1411 938 1497 978 τῶν
1522 939 1768 994 βουληθέν-

101 1023 188 1050 των
220 1005 294 1050 διὰ
321 1006 598 1064 χρηστότητα
636 1009 710 1050 καὶ
750 1006 1043 1064 δικαιοσύνην.
1100 1004 1243 1061 χρόνῳ
1282 1005 1327 1047 δὲ
1366 999 1547 1060 ’(ύστερον
1578 1006 1769 1059 προσελ-
1806 1011 1882 1050 140

102 1073 278 1118 θόντων
310 1070 427 1131 αὐτῷ
459 1092 591 1118 τινων
620 1074 989 1132 κατηγορούντων,
1023 1068 1080 1124 ὥς
1110 1089 1226 1124 τινες
1256 1075 1334 1115 τοῦ
1357 1072 1562 1129 πλήθους
1588 1075 1770 1115 καὶτῶν

105 1143 254 1197 ἱερέων
292 1144 363 1185 καὶ
404 1146 612 1186 Λευιτῶν
651 1142 989 1199 παραβεβήκασι
1033 1140 1111 1199 τὴν
1151 1142 1384 1184 πολιτείαν
1423 1142 1495 1183 καὶ
1542 1140 1770 1183 λελύκασιν

103 1209 205 1262 τοὺς
234 1215 452 1267 πατρίους
483 1208 643 1266 νόμοι-ς
675 1207 934 1260 ἀλλοεθνεῖς
976 1205 1152 1267 ἠγμένοι
1181 1217 1387 1264 γυναῖκας
1416 1210 1488 1252 καὶ
1520 1207 1569 1251 τὸ
1605 1208 1770 1263 ἱερατι-

101 1278 178 1322 κὸν
214 1282 338 1335 γένος
379 1279 705 1335 συγκεχύκασιν,
753 1279 970 1332 δεομένων
1009 1294 1056 1320 τε
1093 1278 1322 1334 βοηθῆσαι
1364 1285 1458 1326 τοῖς
1498 1273 1668 1329 νόμοις,
1708 1275 1767 1333 μὴ
1805 1283 1878 1321 141

102 1346 252 1405 κοινὴν
288 1345 362 1390 ἐπὶ
403 1347 575 1398 πάντας
614 1343 746 1403 ὀργὴν
787 1344 933 1400 λαβὼν
973 1345 1109 1388 πάλιν
1150 1340 1308 1395 αὐτοὺς
1339 1343 1402 1394 εἷς
1434 1342 1665 1399 συμφορὰς
1695 1342 1771 1398 ἒμ-

103 1414 230 1471 βάλῃ,
264 1414 463 1472 διέρρηξε
492 1415 571 1469 μὲν
603 1410 738 1465 εὐθὺς
768 1411 858 1456 ὑπὸ
893 1413 1034 1470 λύπης
1063 1411 1142 1470 τὴν
1174 1411 1346 1467 ἐσθῆτα
1375 1414 1448 1454 καὶ
1477 1411 1556 1466 τὴν
1576 1410 1771 1468 κεφαλὴν

105 1481 388 1537 ἐσπάρασσεν
418 1484 490 1525 καὶ
522 1481 577 1524 τὰ
607 1485 753 1538 γένεια
783 1479 971 1537 ὑβρίζων
1003 1480 1079 1523 ἐπὶ
1108 1479 1187 1537 τὴν
1217 1481 1295 1535 γῆν
1324 1495 1373 1522 τε
1401 1479 1558 1522 ἑαυτὸν
1589 1479 1771 1535 ἔρριψεν

107 1548 183 1593 ἐπὶ
213 1552 276 1606 τῷ
306 1548 385 1606 τὴν
417 1549 566 1593 αἰτίαν
596 1550 759 1608 ταύτην
793 1551 943 1604 λαβεῖν
973 1547 1077 1598 τοὺς
1117 1547 1321 1603 πρώτους
1358 1549 1437 1590 τοῦ
1469 1549 1589 1590 λαοῦ.
1651 1549 1770 1602 λογι-
1805 1551 1885 1591 142

106 1617 285 1672 ζόμενος
317 1618 363 1661 δὲ
394 1616 476 1670 ὅτι,
510 1616 585 1660 ἐὰν
617 1616 814 1672 ἐκβαλεῖν
847 1612 1006 1666 αὐτοὺς
1035 1614 1116 1666 τὰς
1145 1623 1351 1671 γυναῖκας
1380 1617 1453 1658 καὶ
1484 1613 1538 1656 τὰ
1562 1614 1609 1665 ἐξ
1628 1611 1772 1656 αὐτῶν

105 1685 333 1743 προστάξῃ
364 1689 504 1738 τέκνα,
537 1681 612 1728 οὐκ
644 1682 987 1742 ἀκουσθήσεται,
1020 1684 1215 1737 διέμενεν
1247 1681 1323 1724 ἐπὶ
1352 1685 1427 1739 τῆς
1456 1684 1533 1737 γῆς
1561 1686 1772 1736 κείμενος.

218 1810 238 1851 ξ
267 1810 328 1843 137
356 1826 397 1838 =
426 1812 455 1843 1.
476 1809 568 1843 Esra
589 1808 673 1843 VIII
700 1811 762 1850 63;
788 1810 818 1842 2.
836 1808 931 1842 Esra
947 1807 1034 1843 VIII
1060 1810 1115 1842 35.

220 1909 464 1944 PFLAVWE
474 1909 544 1944 Lat
556 1909 716 1945 Zonaras
741 1910 756 1943 I
781 1921 816 1954 p.
843 1911 909 1944 318
936 1909 1014 1944 Exc
1038 1908 1194 1944 Peiresc.

225 1970 239 2001 1
270 1963 410 2014 ἔσδρασ
434 1962 489 2008 (ἒσ
513 1966 535 2002 i.
556 1975 628 2001 ras.
648 1977 692 2000 m.
714 1969 730 2001 1
748 1965 791 2007 P)
816 1965 992 2000 PFLVW
1018 1962 1176 2012 ἔσδ·ρασ
1200 1964 1233 1998 Α
1314 1963 1479 2001 ἐπέδωκε
1504 1963 1586 1998 WE
1664 1967 1684 1998 2
1709 1967 1776 2013 τῷ]

107 2025 170 2060 καὶ
193 2026 249 2060 τῶ
261 2022 361 2058 LAV
431 2025 450 2057 3
477 2020 632 2064 δώδεκα]
660 2019 752 2069 TssV
769 2020 877 2056 XIII
890 2022 958 2056 Lat
1025 2019 1266 2068 ἐνενήκοντα]
1292 2018 1325 2066 ς’
1346 2021 1379 2056 V
1450 2024 1469 2055 4
1494 2018 1626 2067 ἄρνας]
1651 2018 1777 2067 ἄρνασ

107 2080 145 2116 δὲ
160 2079 274 2114 FLW
344 2077 686 2126 ἑβδομηκονταδύο]
714 2076 779 2126 οβ’
797 2079 830 2114 V
901 2082 919 2113 5
946 2076 1116 2120 δεκαδύο]
1141 2075 1285 2115 δώδεκα
1303 2077 1383 2112 AW
1401 2074 1455 2124 ιβ’
1473 2076 1506 2110 V
1576 2079 1595 2111 8
1618 2074 1690 2113 *τὸ
1708 2087 1776 2112 om.

108 2135 138 2170 F
208 2139 228 2171 9
252 2138 317 2172 καὶ
333 2131 503 2178 αὕτὸς-
520 2139 560 2170 10
579 2131 615 2172 δ’
633 2132 748 2185 αὐτῷ]
775 2134 1084 2181 quemammodum
1109 2139 1143 2170 et
1158 2135 1237 2180 ipse
1256 2134 1385 2169 esdras
1401 2134 1668 2170 deliba-cauerat
1684 2145 1776 2180 pro-

108 2196 292 2229 cesserunt
309 2192 381 2227 Lat
435 2190 605 2239 Ἔσδρας]
627 2188 646 2229 ὁ
669 2189 808 2239 ἕσδρασ
822 2191 852 2226 F
921 2188 1234 2238 προσεχώρησαν,
1251 2203 1299 2227 οσ
1315 2201 1359 2226 ex
1377 2204 1397 2227 o
1413 2201 1505 2226 corr.
1521 2202 1565 2226 m.
1583 2193 1602 2225 2
1616 2191 1643 2225 P
1662 2204 1776 2238 προε-

107 2246 258 2296 χώρησε
274 2248 388 2284 FVW
404 2252 441 2285 et
455 2260 499 2284 ex
517 2260 607 2284 corr.
626 2249 691 2283 LA
764 2252 804 2283 10
823 2248 861 2285 δὲ
876 2248 958 2283 AW
1020 2251 1098 2284 τῶν
1114 2258 1181 2283 om.
1201 2248 1248 2282 W
1314 2251 1349 2282 11
1368 2242 1509 2295 χρόνῳ]
1527 2247 1633 2292 incip.
1652 2247 1730 2282 Exc

110 2302 170 2342 *δ’
188 2306 219 2340 L
301 2303 606 2353 *προελθόντων
622 2306 666 2340 P¹
751 2308 790 2340 12
817 2300 933 2353 αὐτῷ]
958 2307 1012 2341 τῶ
1029 2302 1120 2352 ἔζρα
1135 2305 1167 2339 Ε
1250 2307 1364 2340 τινῶν
1385 2300 1488 2340 αὐτῶ
1504 2308 1547 2338 tr.
1562 2303 1730 2338 AWExc

109 2359 436 2409 κατηγορούντων]
469 2364 532 2407 καὶ
564 2359 882 2409 κατηγορούντων
918 2364 995 2402 (καὶ
1024 2375 1073 2398 κα
1096 2372 1143 2395 m,
1170 2364 1188 2396 2
1212 2362 1236 2396 i.
1261 2370 1331 2396 ras.
1358 2360 1543 2405 angustius
1576 2360 1713 2404 scripta
1735 2360 1778 2402 P)

109 2418 322 2454 PLAVWE
332 2418 409 2453 Exc
478 2420 577 2455 *τοῦ
594 2416 763 2465 πλήθους
778 2421 841 2454 καὶ
858 2429 926 2454 om.
944 2418 1015 2452 Lat
1086 2421 1127 2452 13
1153 2419 1244 2453 *καὶ
1269 2420 1346 2453 τῶν
1368 2419 1523 2453 λευιτῶν
1538 2416 1570 2449 Α
1643 2420 1684 2451 14
1708 2429 1777 2452 πα-

110 2471 261 2520 τρώουσ
285 2474 547 2510 PFLWEExc
619 2478 658 2510 15
685 2475 834 2521 *γένος]
860 2471 978 2511 ἔθνοσ
1002 2474 1062 2508 PF
1133 2470 1409 2520 συγκεχυκότεσ
1433 2473 1465 2508 Ε
1491 2470 1778 2520 συγκεχυκότων

111 2531 189 2566 Exc
259 2531 459 2576 δεομένων,
479 2545 532 2568 ων
548 2531 570 2566 i.
588 2541 660 2567 ras.
679 2543 724 2567 m.
744 2535 762 2566 2
777 2532 838 2566 PL
855 2531 1054 2576 δεομένοισ
1069 2530 1198 2564 FL¹W
1267 2533 1321 2571 τε]
1339 2529 1377 2566 δὲ
1393 2529 1539 2563 FLVW
1606 2526 1655 2575 μὴ
1673 2549 1717 2554 -
1736 2533 1774 2564 17

111 2584 268 2636 ἐμβάλῃ]
291 2598 337 2623 ne
353 2587 550 2623 communis
565 2598 676 2634 super
693 2598 815 2623 omnes
830 2588 979 2623 ueniens
995 2588 1052 2622 ira
1069 2583 1335 2622 calamitatibus
1350 2586 1477 2621 iterum
1499 2596 1561 2620 eos
1577 2585 1779 2621 inuolueret

112 2643 182 2679 Lat
255 2646 295 2679 16
320 2641 462 2688 λαβὼν]
481 2641 612 2691 λαβὼν
631 2643 651 2681 ὁ
669 2642 763 2686 θεὸς
779 2644 929 2679 Hudson
1007 2641 1175 2690 ἐμβάλλῃ
1191 2642 1239 2677 L¹
1312 2646 1351 2676 17
1376 2645 1461 2677 ante
1476 2642 1668 2688 *διέρρηξε
1684 2652 1779 2687 quae

114 2710 192 2735 cum
215 2700 375 2735 audisset
398 2700 480 2735 add.
506 2700 578 2736 Lat
707 2702 772 2737 καὶ
795 2697 863 2746 τὴν
886 2720 929 2725 -
957 2703 997 2736 18
1023 2697 1192 2747 ἔρριψεν]
1216 2704 1252 2734 et
1274 2703 1385 2744 caput
1409 2698 1629 2744 barbamque
1653 2703 1778 2734 contu-

114 2756 258 2792 meliose
281 2756 488 2792 dilacerans
510 2767 588 2793 sese
605 2757 816 2804 prostrauit
840 2757 1025 2791 interram
1042 2756 1114 2790 Lat
1181 2757 1244 2791 καὶ
1262 2752 1339 2800 τὴν,
1356 2768 1378 2790 τ
1393 2755 1415 2789 i.
1434 2764 1518 2798 ras„
1536 2752 1557 2800 ὴ
1573 2764 1616 2788 ex
1632 2757 1655 2800 ἢ
1671 2765 1778 2797 corr„

115 2827 136 2848 ν
159 2812 239 2849 add.
263 2824 308 2848 m.
328 2816 348 2847 2
373 2813 400 2847 P
520 2817 560 2849 18
585 2811 841 2861 ἐσπάρασσεν]
866 2813 904 2850 δὲ
929 2810 1165 2860 σπαράσσων
1188 2812 1285 2846 FLV
1309 2810 1500 2858 ἐσπάραξε
1524 2811 1602 2846 Exc
1715 2813 1778 2847 καὶ

117 2879 183 2905 om.
207 2870 288 2904 AW
298 2870 378 2904 Exc
458 2870 563 2917 γένια
588 2871 616 2905 Ρ
698 2869 772 2912 ἐπὶ]
796 2871 859 2906 καὶ
882 2868 943 2905 ἐπὶ
967 2869 1048 2903 AW
1058 2869 1136 2903 Exc
1218 2881 1259 2904 τε
1284 2878 1352 2902 om.
1378 2867 1546 2902 AWExc
1633 2864 1781 2904 *αὺτὸν

115 2925 148 2959 Α
172 2921 288 2963 αὐτὸν
311 2926 359 2960 W
445 2929 487 2961 20
512 2922 569 2963 *δ’
594 2927 627 2963 V
696 2923 800 2969 *ἐὰν]
826 2922 894 2963 ἐὰν
918 2921 967 2971 μὴ
992 2924 1071 2959 Exo
1163 2922 1387 2970 *ἕκβαλλεῖν
1409 2924 1442 2958 Α
1466 2918 1664 2972 ἐκβάλλειν
1687 2924 1734 2959 W

118 2985 158 3017 21
186 2982 391 3027 *διέμεινεν
414 2982 547 3017 WExc
