2107 3377
303 176 459 213 XXXIV
1039 174 1231 210 Praefatio.

299 300 357 346 (ρ.
380 292 475 346 339,
497 292 564 344 4),
609 291 686 332 119
717 293 774 344 (p.
797 291 1002 342 341,11),
1045 290 1122 329 120
1160 290 1438 343 (p.341‚14),
1480 292 1560 331 144
1599 288 1854 344 (p.346‚1)‚
1895 289 1975 330 192

300 360 359 414 (p.
381 360 476 410 353,
498 359 590 411 20),
635 360 712 398 195
743 360 798 411 (p.
822 357 1025 409 354‚17),
1066 357 1148 397 230
1181 357 1547 410 (p.360‚10sq.)‚
1587 358 1668 398 232
1701 358 1756 410 (p.
1779 356 1976 410 360,17).
2059 368 2067 374 ·

301 429 346 471 in
376 429 466 471 uita
493 428 623 480 igitur
653 425 762 477 MW,
799 435 1057 476 quamquam
1087 436 1171 465 non
1201 423 1354 466 desunt
1383 423 1646 478 corruptelae
1677 428 1719 466 et
1747 422 1974 478 interpola·

286 492 456 539 menta,
487 493 707 546 permagni
735 495 831 533 sunt
861 489 1057 533 faciendi.

416 556 472 598 Vt
507 559 635 613 igitur
665 559 922 614 complectar
959 571 1068 612 quae
1099 557 1154 601 de
1181 557 1320 600 AMW
1349 557 1461 611 dixi,
1501 571 1645 601 eorum
1685 557 1977 601 condicionem

302 638 469 668 omnem
499 627 598 669 inde
629 626 834 681 explicari
871 631 1010 681 patet,
1051 625 1164 679 quod
1204 626 1247 667 in
1286 624 1348 668 eis
1387 625 1474 668 bini
1514 626 1734 681 quinorum
1772 625 1977 668 librorum

303 692 472 736 codices
504 695 621 738 uarie
653 695 876 749 compositi
917 698 1026 736 sunt.
1084 692 1352 736 distinximus
1393 694 1506 736 enim
1544 694 1588 736 in
1626 693 1746 736 libris
1774 691 1978 736 XI-XV

305 760 387 803 duo
419 775 586 815 genera,
620 775 797 815 quorum
829 762 1003 804 alterius
1035 766 1100 804 est
1127 763 1187 804 A1
1209 765 1251 804 et
1269 761 1338 813 W,
1369 761 1543 804 alterius
1563 762 1601 802 A
1627 765 1838 804 correctus
1859 765 1902 803 et
1920 759 1977 803 Μ.

304 827 459 872 deinde
488 830 531 871 in
562 830 682 872 libris
711 830 954 872 XVI—XX
993 829 1074 872 tria
1104 841 1262 884 genera
1291 833 1409 883 sunt,
1453 842 1629 883 quorum
1662 829 1787 884 primi
1824 832 1889 871 est
1917 829 1977 870 A¹

303 896 478 938 alterius
513 897 611 939 MW
649 897 760 939 tertii
790 898 828 939 A
869 900 1093 940 correctus.
1163 896 1317 951 quodsi
1355 897 1540 952 priorum
1578 897 1781 939 librorum
1820 907 1980 950 genera

305 976 397 1006 esse
424 965 619 1019 ponimus
649 979 676 1008 a
697 968 738 1006 et
761 965 800 1020 b,
829 964 1107 1019 posteriorum
1136 977 1236 1007 uero
1267 978 1296 1006 x
1317 968 1359 1007 et
1384 978 1415 1020 y
1437 970 1479 1008 et
1504 980 1538 1019 z,
1571 964 1762 1007 codicem
1783 964 1842 1006 A¹
1864 975 1975 1005 com-

306 1033 489 1085 positum
513 1046 606 1076 esse
628 1034 816 1076 dicemus
838 1046 892 1074 ex
913 1045 940 1075 a
961 1035 1003 1075 et
1021 1046 1066 1086 x,
1096 1032 1150 1074 W
1169 1045 1223 1074 ex
1243 1045 1270 1074 a
1291 1037 1333 1074 et
1351 1046 1394 1088 y,
1424 1033 1467 1074 M
1498 1046 1552 1075 ex
1582 1033 1607 1075 b
1629 1036 1671 1075 et
1690 1046 1732 1086 y,
1764 1029 1920 1073 deinde
1939 1029 1979 1072 A

306 1105 537 1143 correctum
570 1115 623 1143 ex
655 1101 681 1142 b
713 1106 755 1143 et
784 1114 818 1143 z.
868 1100 971 1152 uita,
1003 1101 1120 1142 cuius
1151 1100 1257 1142 ratio
1289 1104 1353 1143 est
1383 1100 1632 1155 singularis,
1663 1113 1717 1143 ex
1747 1099 1832 1142 alio
1863 1098 1981 1141 fonte

305 1167 479 1221 pentadi
510 1168 732 1223 posteriori
762 1167 932 1211 adiecta
963 1181 1056 1212 esse
1086 1167 1264 1210 uidetur.

1005 1282 1031 1333 ἓ
1063 1284 1106 1322 6:
1149 1279 1204 1322 de
1234 1280 1283 1322 R.

418 1360 638 1404 Postremo
670 1360 724 1404 de
752 1360 898 1403 codice
920 1360 1067 1415 Regio,
1098 1359 1142 1401 in
1163 1371 1246 1412 quo
1268 1359 1356 1400 uita
1376 1358 1486 1401 inest
1507 1357 1731 1400 coniuncta
1751 1371 1846 1401 cum
1866 1358 1982 1402 bello

307 1427 494 1483 Iudaico,
515 1441 654 1484 pauca
670 1428 853 1471 dicenda
873 1432 981 1479 sunt,
1004 1427 1076 1480 qui
1098 1426 1293 1480 quamuis
1313 1425 1486 1468 minoris
1506 1426 1561 1468 sit
1582 1427 1817 1481 uetustatis,
1839 1432 1982 1470 tamen

306 1498 450 1540 multis
482 1497 536 1540 de
567 1498 707 1540 causis
738 1496 1028 1539 memorabilis
1059 1500 1134 1538 est.
1185 1495 1365 1549 primum
1396 1493 1507 1536 enim
1533 1506 1663 1549 saepe
1685 1494 1866 1537 concinit
1885 1508 1982 1538 cum

305 1565 521 1620 Palatino,
552 1565 670 1607 uelut
698 1566 724 1617 ἓ
746 1566 799 1605 22
816 1576 880 1617 sq.
911 1567 966 1617 (p.
989 1564 1085 1615 325,
1108 1565 1170 1615 5),
1210 1575 1336 1615 quem
1366 1562 1505 1604 locum
1535 1562 1706 1617 saepius
1736 1563 1982 1616 memoraui,

307 1634 387 1676 etsi
417 1633 560 1688 paullo
592 1632 776 1675 deterior
806 1641 871 1674 est
902 1644 1029 1684 quam
1051 1631 1098 1683 P,
1124 1633 1267 1672 tamen
1295 1642 1377 1671 non
1408 1629 1586 1672 multum
1607 1629 1662 1671 ab
1685 1643 1734 1673 eo
1756 1630 1981 1687 discrepat.

307 1702 451 1756 paullo
473 1703 582 1743 infra
604 1703 658 1751 (u.
677 1702 719 1751 b')
749 1706 862 1742 recte
893 1701 1062 1739 κέστιον
1085 1697 1170 1750 dat,
1202 1700 1376 1738 κε’σσιον
1399 1697 1433 1738 Ρ
1458 1699 1632 1749 γε’σσιον
1653 1698 1804 1753 AMW,
1835 1712 1981 1755 saepe-

309 1783 389 1822 que
416 1769 520 1811 alibi
551 1773 624 1810 aut
654 1767 696 1809 in
728 1768 850 1810 bonis
871 1771 943 1808 aut
963 1765 1006 1808 in
1028 1765 1233 1819 corruptis
1256 1778 1350 1807 cum
1372 1777 1421 1808 eo
1443 1764 1544 1807 facit
1564 1769 1637 1808 aut
1662 1767 1854 1821 proxime
1885 1781 1981 1811 eum

308 1837 493 1888 accedit,
532 1836 648 1877 uelut
677 1836 703 1886 ἓ
731 1836 785 1875 29
817 1838 871 1888 (p.
895 1836 1078 1886 326,13)
1115 1845 1192 1888 pro
1223 1829 1396 1880 τούτοις
1427 1828 1495 1874 ἀεὶ
1526 1833 1568 1875 in
1598 1834 1632 1876 P
1673 1838 1792 1877 extat
1828 1850 1982 1877 τουτο-

311 1919 463 1953 ,·ι,ἰσαι,
495 1905 537 1946 in
568 1904 605 1945 R
639 1904 763 1943 ιοῦτο
795 1906 971 1955 πεῖσαι;
1014 1901 1112 1944 uide
1142 1902 1168 1952 ξ
1193 1902 1267 1942 137
1300 1902 1357 1955 (p.
1380 1902 1581 1954 344‚1s),
1614 1903 1695 1944 299
1727 1904 1783 1957 (p.
1801 1905 1896 1957 370,
1913 1906 1983 1953 24)

309 1977 352 2016 et
377 1973 453 2013 138
476 1975 530 2027 (p.
549 1971 709 2024 34:353),
731 1970 803 2012 ubi
825 1969 938 2024 quod
959 1970 1002 2011 in
1023 1983 1074 2012 eo
1097 1975 1160 2011 est
1179 1966 1358 2022 βρέχων,
1382 1968 1426 2010 id
1447 1970 1585 2022 potius
1607 1983 1660 2012 ex
1683 1974 1828 2025 φέρων
1845 1974 1984 2016 ortum

308 2039 486 2092 uidetur,
527 2038 640 2091 quod
672 2043 737 2080 est
765 2038 808 2080 in
839 2039 886 2091 P,
925 2050 1052 2091 quam
1083 2050 1137 2079 ex
1169 2036 1318 2091 φύρων
1350 2037 1620 2089 reliquorum.
1670 2042 1714 2080 at
1744 2038 1916 2082 minime
1946 2041 1985 2084 is

310 2113 373 2150 est
393 2107 578 2150 Palatini
610 2111 651 2148 et
673 2106 795 2158 Regii
827 2118 1066 2159 cousensus,
1098 2110 1143 2147 ut
1172 2117 1339 2158 semper
1368 2104 1482 2146 idem
1515 2109 1721 2148 testentur
1741 2111 1815 2149 aut
1839 2107 1909 2151 hic
1929 2121 1984 2151 ex

309 2176 382 2217 illo
414 2174 708 2229 transscriptus
740 2186 833 2216 esse
864 2173 1098 2216 existimari
1127 2173 1280 2227 possit3
1318 2186 1416 2214 nam
1448 2185 1578 2228 saepe
1608 2173 1756 2217 relicto
1787 2175 1984 2220 Palatino

309 2243 405 2285 aliis
438 2256 483 2284 se
514 2241 679 2284 addixit
711 2242 889 2294 Regius,
929 2247 974 2283 ut
1011 2242 1036 2292 ξ
1067 2242 1147 2282 308
1178 2242 1232 2295 (p.
1257 2241 1351 2294 372,
1375 2242 1416 2290 4)
1447 2253 1531 2282 non
1561 2240 1686 2290 τέλος
1718 2255 1812 2284 cum
1841 2242 1877 2285 P
1905 2242 1983 2286 sed

311 2316 449 2363 πέρας
482 2310 610 2352 habet
640 2323 735 2352 cum
766 2309 876 2362 MW,
907 2314 950 2351 et
980 2312 1061 2351 365
1095 2311 1150 2363 (p.
1173 2310 1267 2361 380,
1285 2310 1326 2356 7)
1358 2307 1542 2361 φίλτατε
1571 2308 1692 2351 addit
1722 2322 1816 2352 cum
1845 2310 1984 2353 AMW

311 2380 587 2431 similiterque
618 2379 698 2420 332
731 2380 786 2432 (p.
810 2380 905 2431 375,
927 2380 1006 2430 16),
1037 2378 1118 2418 394
1147 2379 1203 2430 (p.
1226 2379 1320 2429 384,
1341 2379 1392 2428 7),
1425 2378 1506 2417 396
1528 2378 1696 2431 (p.384‚
1717 2379 1797 2427 15).
1847 2379 1984 2421 multa

313 2446 467 2489 deinde
499 2446 629 2488 habet
657 2445 910 2500 peculiaria,
949 2444 1058 2486 inter
1089 2457 1198 2497 quae
1229 2443 1401 2498 egregia
1439 2448 1535 2485 sunt
1569 2443 1781 2497 quaedam
1811 2450 1854 2488 et
1890 2446 1982 2488 sine

312 2516 440 2557 dubio
464 2513 718 2568 recipienda.
764 2513 900 2555 leuius
922 2518 986 2555 est
1007 2511 1119 2565 quod
1141 2512 1166 2563 ξ
1188 2513 1268 2553 322
1291 2514 1347 2565 (p.
1366 2514 1461 2564 375,
1480 2514 1545 2559 14)
1576 2510 1830 2567 ἰωταπάτην
1850 2512 1984 2557 habet

312 2584 466 2626 rectius
497 2596 623 2636 quam
655 2582 782 2624 ceteri
815 2579 1033 2634 ἷωτάπηι»;
1067 2594 1164 2622 nam
1195 2579 1276 2622 hoc
1306 2579 1548 2622 coniectura
1568 2579 1683 2621 facili
1711 2580 1982 2624 emendatum

313 2664 406 2694 esse
437 2655 588 2705 potest.
639 2649 717 2692 sed
747 2649 918 2703 grauior
949 2654 1013 2691 est
1043 2648 1159 2691 locus
1190 2648 1215 2699 ἓ
1238 2650 1289 2689 37
1322 2650 1376 2702 (p.
1401 2649 1494 2700 327,
1517 2650 1604 2699 11),
1644 2646 1715 2689 ubi
1745 2648 1861 2691 solus
1890 2649 1983 2692 sine

313 2719 414 2761 uitio
447 2717 620 2759 exhibet
658 2713 717 2765 (ὃς
750 2712 774 2758 ’ἶ
808 2715 939 2766 πόλις
980 2713 1046 2758 ἀεὶ
1078 2717 1154 2771 τῆς
1186 2715 1424 2764 Γαλιλαίας
1464 2711 1643 2766 ἄρξειεν,
1685 2715 1843 2769 optime
1883 2729 1984 2760 uero

312 2788 338 2839 ξ
358 2789 440 2828 244
472 2788 526 2840 (p.
550 2786 645 2836 3132,
668 2787 735 2834 23)
774 2784 847 2827 dat
884 2783 1086 2837 μολύνειν
1118 2784 1195 2833 τὰς
1233 2789 1379 2836 χεῖρας
1417 2796 1445 2826 a
1474 2783 1626 2826 ceteris
1662 2787 1900 2838 corruptum
1940 2784 1982 2826 in

312 2852 548 2907 λαμβάνειν
579 2850 657 2901 τὰς
688 2852 852 2907 χώρας,
895 2858 936 2896 et
965 2855 991 2905 ξ
1014 2856 1095 2894 359
1125 2859 1180 2907 (p.
1204 2854 1298 2905 379,
1325 2854 1388 2902 13)
1420 2852 1505 2892 τῶν
1536 2847 1866 2903 αὐτοκρατόρων
1895 2853 1982 2892 τῶν

313 2922 388 2964 τὸν
412 2919 602 2972 πόλεμον
627 2925 1009 2973 κατεργασαμένων
1034 2920 1162 2964 tradit
1192 2920 1324 2963 multo
1345 2918 1450 2962 illud
1483 2918 1633 2962 melius
1655 2931 1780 2972 quam
1802 2919 1983 2974 reliquo-
