2029 3392
13 951 49 985 10

498 217 656 262 ANTIQ.
682 215 777 252 IUD.
804 215 886 250 XIV
911 219 975 249 3:3⁴
991 218 1091 250 -34n
1115 217 1202 255 (xm.
1219 221 1245 247 a·
1263 219 1293 256 4)
1646 215 1721 250 301

76 337 264 392 ἑτοίμως
294 335 489 390 ἐχόντων,
522 328 770 386 προσεδόκα
802 328 847 370 δὲ·
877 330 955 384 τῆς
983 345 1128 383 χωρας
1159 331 1290 383 μέρος
1320 344 1362 369 τι
1396 327 1544 381 λαβεῖν
1576 323 1597 366 ὁ
1632 324 1728 367 Ἀι-

75 409 265 461 τίγονος,
299 403 452 458 δριμοὶ
485 400 530 442 δὲ
560 397 608 440 τὸ
638 400 798 451 χωρίον
828 396 1038 445 καλιῇ-,αι
1081 399 1156 438 καί
1192 412 1322 438 ιινων
1362 389 1730 435 ἱπιιντιιισάντων

79 470 236 521 αι’τοις
266 471 602 514 διεκπίπτοισιν
641 464 704 514 εἰς
728 460 1006 517 Ἱεροσόλυμα
1046 465 1084 505 οἱ
1120 460 1373 518 ἅνθρωποι.
1434 462 1730 515 νἰροσγειομέ-

78 557 163 582 νων
194 539 240 581 δέ
269 554 399 581 τινων
429 534 587 577 πολλοὶ
619 534 942 588 συστραφέντες
975 529 1047 573 ἐπι
1071 531 1125 572 τὰ
1146 531 1353 583 βασίλεια
1377 545 1476 586 ηκον
1498 529 1569 570 καὶ
1593 529 1731 569 ταῦτα

77 605 374 682 ἐπολιόρκουν.
434 598 839 656 προσβοηθούντων
870 598 916 640 δὲ
946 600 1066 640 τῶν
1056 600 1157 652 περὶ
1184 597 1423 653 Φασάηλον
1444 612 1513 637 και
1532 592 1730 651 Ἡριόδιν
1763 599 1842 638 335

78 676 149 718 καὶ
188 673 326 729 μάχης
362 671 593 726 γενομένης
632 665 742 709 κατὰ
780 683 857 722 την
897 662 1060 721 ἀγορὰν
1097 668 1274 708 νικῶσιν
1306 665 1347 707 οἱ
1381 667 1599 706 νεανίσκοι
1630 679 1732 712 τοις

80 741 329 794 πολεμίους,
360 739 432 780 καὶ
464 734 780 785 συνδιώξαντες
805 733 867 784 εἰς
887 733 935 775 τι)
963 733 1112 787 ἱερὸν
1103 736 1358 787 τέμποισιν
1390 728 1429 773 0‘
1427 732 1579 780 ιλίτας
1610 729 1734 780 τινας

79 807 142 858 εἰς
170 805 250 856 τὰς
270 806 458 861 πλησίον
481 803 622 853 οἰκίας
645 801 976 860 φρουρήσοντας
998 797 1145 852 αἰτάς,
1179 800 1253 850 οὓς
1275 799 1307 841 ε’
1307 798 1529 848 [αναστὰς
1550 795 1572 840 ὁ
1598 798 1734 854 ὸῆμος

80 873 314 929 συμμάχων
344 869 473 921 ὄντας
504 868 689 926 ἐρήμοις
721 886 798 913 συν
830 865 978 920 αὐτοῖς
1009 869 1149 918 οἴκοις
1178 870 1294 910 κατέ
1285 881 1464 924 τρησεν.
1514 863 1623 944 ὑπὲρ
1654 865 1732 919 μὲν
1764 868 1845 910 336

78 957 152 985 οιν
192 942 268 996 τῆς
309 935 481 988 ἀδικίας
519 937 680 995 ταύτης
703 935 902 995 τΗριόδης
939 932 1035 992 μετ’
1063 932 1211 991 ὀλίγον
1245 938 1462 990 τιμωρίαν
1494 933 1616 988 ταρὰ
1648 935 1734 975 τῶν

78 1004 436 1051 ἀντιστασιωτῶν
468 1006 682 1061 λαμβάνει
713 1004 948 1061 συμβαλών
980 1000 1129 1054 αὐτοῖς
1169 1003 1232 1054 εἰς
1266 1002 1406 1059 μάχην
1438 1003 1511 1045 καὶ
1543 999 1734 1050 πολλους

77 1070 221 1119 αὐτῶν
253 1070 529 1132 ἀποκτείνας.

190 1147 228 1185 4.
262 1145 509 1196 Γινομένων
551 1137 591 1183 δ’
624 1139 840 1198 ὁσημέραι
879 1136 1212 1196 ἀκροβολισμῶν
1254 1133 1404 1188 αὐτοῖς
1442 1133 1648 1192 ἀνέμενον
1692 1136 1733 1178 oL‘
1766 1140 1845 1179 337

79 1211 288 1265 πολέμιοι
317 1209 394 1253 τὸν
426 1209 470 1252 ἔκ
499 1211 577 1267 τῆς
603 1209 749 1264 χώρας
780 1205 906 1262 ὄχλον
939 1208 1002 1258 εἰς
1032 1207 1110 1264 την
1134 1207 1402 1262 καλουμένην
1425 1203 1734 1262 πεντηκοστήν,

12 1288 48 1322 15
77 1277 204 1335 ἑορτὴ
247 1273 287 1320 δ’
315 1276 446 1328 ἐστίν,
487 1277 703 1330 μέλλοντα
741 1271 872 1332 ἥξειν.
932 1278 1009 1333 τῆς
1049 1272 1087 1317 δ’
1126 1272 1288 1332 ἡμέρας
1319 1274 1530 1330 ἐνστάσης
1569 1273 1735 1315 πολλαὶ
1767 1276 1848 1317 338

81 1347 183 1401 περὶ
224 1345 273 1388 τὸ
315 1344 431 1401 ἱερὸν
472 1341 761 1398 ἀθροίζονται
806 1343 1016 1400 μυριάδες
1065 1339 1320 1397 ἀνθρώπων
1359 1339 1652 1395 ὡπλισμένων
1689 1355 1737 1382 τε

80 1415 152 1456 καὶ
192 1408 412 1455 ἀνόπλων.
472 1421 669 1465 κατεῖχον
710 1412 756 1454 δὲ
793 1411 870 1467 τὴν
911 1411 1043 1454 πόλιν
1078 1412 1150 1453 καὶ
1190 1409 1238 1453 τὸ
1284 1409 1400 1464 ἱερὸν
1442 1409 1484 1452 οἱ
1520 1404 1738 1463 παρόντες

83 1479 199 1538 πλην
229 1482 316 1522 τῶν
348 1482 450 1535 περὶ
491 1479 545 1522 τὰ
584 1481 812 1534 βασίλεια·
851 1481 990 1521 ταῦτα
1024 1477 1106 1534 γὰρ
1138 1476 1216 1520 σὺν
1247 1474 1413 1533 ὀλίγοις
1445 1475 1739 1532 στρατιώταις

83 1549 125 1592 οἱ
148 1550 249 1603 περὶ
267 1545 466 1605 (Ηριόδην
491 1547 746 1604 ἐφρούρουν.
809 1546 1047 1604 Φασάηλος
1077 1545 1155 1600 μὲν
1186 1536 1261 1588 οὖν
1290 1545 1339 1588 τὸ
1373 1553 1514 1598 τεῖχος
1545 1543 1739 1601 ἐφέλασ-
1770 1546 1850 1588 339

82 1631 169 1668 σεν,
197 1612 395 1673 (Ηριόδης
426 1616 472 1658 δὲ
494 1615 621 1669 λόχον
644 1615 751 1668 ἔχων
773 1614 992 1665 ἐπέξεισιν
1016 1623 1110 1664 τοῖς
1140 1614 1374 1667 πολεμίοις
1405 1611 1515 1654 κατὰ
1546 1611 1594 1654 τὸ
1628 1627 1741 1666 προ-

84 1683 279 1735 άστειον,
319 1685 390 1726 καὶ
430 1685 648 1739 καρτερῶς
687 1682 987 1736 μαχεσάμενος
1026 1680 1196 1731 πολλάς
1235 1697 1283 1723 τε
1321 1679 1539 1762 μυριάδας
1572 1681 1741 1733 τρέπει,

82 1752 169 1793 τῶν
207 1750 286 1804 μὲν
325 1766 388 1800 εις
426 1749 504 1807 τὴν
535 1750 667 1793 πόλιν
699 1749 971 1807 φευγόντων,
1011 1751 1098 1792 τῶν
1129 1744 1172 1791 δ’
1200 1748 1261 1799 εις
1290 1746 1338 1790 τὸ
1381 1747 1510 1802 ἱερόν,
1543 1746 1661 1790 ἐστιν
1696 1742 1736 1789 δ

84 1813 146 1860 ὦν
185 1834 248 1868 εις
291 1816 340 1860 τὸ
389 1817 472 1868 έξω
516 1817 777 1872 χαράκωμα·
825 1816 877 1873 ἠν
923 1817 1004 1873 γάρ
1053 1834 1098 1860 τι
1144 1812 1326 1859 αυτόθι·
1375 1814 1654 1870 παρεβοηθει
1696 1814 1744 1857 δὲ

84 1887 158 1929 καὶ
200 1884 450 1942 Φασάηλος
509 1885 714 1940 Πάκορος
754 1881 795 1927 δ
822 1882 844 1927 0‘
884 1885 1088 1941 Πάρθων
1129 1882 1370 1940 στρατηγὸς
1410 1881 1487 1925 σὺν
1527 1883 1742 1925 ἱππεῦσιν
1775 1887 1855 1929 340

198 2042 218 2085 g
242 2043 308 2076 334
332 2059 374 2071 =
398 2040 480 2076 ben.
504 2041 584 2076 Iud.
608 2041 626 2075 1
652 2044 728 2077 250.

200 2175 482 2212 PFLAMVWE
492 2177 563 2211 Lat
573 2177 731 2212 Zonaras
755 2176 772 2210 I
796 2187 830 2221 p.
856 2179 933 2211 411.

204 2235 220 2268 1
246 2230 463 2280 προσεδόκα
489 2233 538 2274 δὲ]
562 2243 630 2278 per
653 2243 746 2278 quos
768 2233 939 2278 sperabat
963 2232 1034 2267 Lat
1137 2232 1187 2274 δὲ]
1212 2229 1269 2268 διὰ
1287 2231 1384 2266 FLV
1409 2242 1479 2266 ras.
1508 2234 1593 2266 1-2
1610 2230 1678 2266 litt.
1704 2232 1748 2272 A,

90 2298 158 2324 om.
183 2288 258 2323 ΜΕ
394 2290 492 2334 *τῆσ
521 2286 656 2334 χώρασ
687 2289 725 2324 τί
754 2288 876 2335 μέροσ
898 2292 943 2324 tr.
967 2288 1049 2323 AW
1074 2289 1112 2325 τί
1142 2289 1263 2335 μέροσ
1294 2291 1365 2335 τῆσ
1387 2284 1522 2335 χώρασ
1545 2289 1590 2322 tr.
1618 2287 1657 2322 M

92 2345 112 2379 2
137 2341 284 2391 δρυμὼν
306 2345 340 2379 Ε
415 2347 434 2378 3
461 2340 594 2381 αὖτοῖσ
617 2344 872 2380 FLAMVWE
966 2349 987 2380 4
1010 2345 1319 2391 *συστρέφοντεσ
1342 2344 1371 2378 F
1399 2343 1635 2390 στραφέντεσ
1659 2343 1706 2378 W

91 2403 111 2434 5
136 2400 202 2437 *δὲ
225 2410 294 2436 om.
319 2400 442 2435 AMW
519 2396 525 2399 ⁴
557 2403 663 2437 *τῶν
687 2411 754 2436 om.
780 2401 827 2435 W
950 2402 1062 2449 *περὶ
1085 2398 1156 2438 τὸν
1179 2396 1378 2447 φασάηλον
1402 2401 1432 2434 L
1526 2402 1544 2434 S
1568 2400 1652 2436 *εἰσ
1678 2397 1751 2437 τὰσ

91 2458 249 2504 πλησίον
264 2457 287 2492 i.
305 2467 377 2492 ras.
394 2457 424 2491 F
494 2458 807 2505 *φρουρίσοντασ
822 2457 853 2491 L
923 2460 943 2492 9
969 2455 1100 2500 οἴκοις]
1118 2455 1210 2510 τοὺσ
1228 2456 1360 2494 οἷ’κουσ
1377 2457 1408 2491 Ε
1478 2455 1750 2502 *κατέπρησαν

92 2511 121 2548 Ρ
192 2516 232 2548 10
257 2509 375 2560 παρὰ]
398 2526 495 2557 μετα
519 2513 550 2547 L
646 2517 683 2548 11
710 2511 914 2560 συμβαλὼν
940 2534 980 2538 —-
1008 2516 1048 2549 12
1073 2510 1305 2556 ἀποκτείνας
1328 2524 1397 2547 om.
1415 2513 1486 2547 Lat
1557 2514 1595 2546 13
1621 2512 1752 2558 *γενο-

93 2567 216 2613 μένων
238 2569 269 2603 L
355 2569 394 2606 δὲ
417 2568 673 2604 FLAMVWE
765 2569 831 2606 *οἳ
856 2569 1040 2614 πολέμιοι]
1063 2570 1224 2616 populus
1247 2570 1318 2604 Lat
1418 2572 1460 2603 14
1484 2565 1594 2610 *τὸν]
1620 2571 1698 2605 τῶν
1721 2569 1752 2603 F

209 2628 249 2659 15
273 2624 311 2662 δὲ
334 2625 416 2660 WE
554 2624 694 2668 *ἐστίν]
721 2623 821 2663 ἔστιν
845 2620 937 2672 αὕτη
961 2626 1180 2661 FLAMVW
1318 2623 1532 2669 *μέλλουσα
1557 2625 1583 2659 Ρ
1715 2626 1754 2663 δὲ

94 2678 312 2716 FLAMWE
407 2685 446 2716 16
471 2678 737 2726 *ὃπλισμένων
760 2682 788 2716 Ρ
905 2685 944 2717 17
970 2676 1158 2718 *ἀόπλων
1182 2680 1381 2716 LDindorf
1493 2677 1537 2716 τὸ
1563 2678 1670 2727 ἱερὸν
1692 2684 1754 2718 καὶ

96 2731 164 2780 τὴν
186 2733 298 2772 πόλιν
319 2740 364 2772 tr.
389 2737 643 2773 FLAMVWE
669 2738 837 2784 templum
861 2748 940 2772 cum
964 2738 1112 2772 ciuitate
1135 2737 1206 2771 Lat
1344 2740 1384 2771 18
1409 2738 1515 2772 *τῶν
1538 2747 1607 2772 om.
1633 2737 1663 2771 L

97 2789 306 2837 *ἐφύλασεν
329 2793 363 2826 Α
454 2797 495 2829 20
521 2792 660 2841 *λόγον
683 2793 731 2828 W
839 2795 876 2827 21
905 2806 946 2830 τε
970 2803 1038 2828 om.
1064 2793 1097 2828 E
1212 2796 1254 2827 22
1279 2795 1363 2827 ante
1387 2791 1526 2828 *πόλιν
1548 2802 1618 2828 ras.
1644 2797 1663 2828 5
1688 2792 1755 2828 litt.

96 2845 128 2880 L
217 2847 444 2894 *φυγόντων
466 2850 497 2884 F
528 2845 776 2896 πεφευγότων
799 2849 838 2884 Μ
930 2849 969 2886 δὲ
992 2849 1246 2884 FLAMVWE
1339 2848 1377 2885 δὲ
1401 2848 1474 2883 ΜΕ
1577 2850 1618 2882 23
1645 2845 1755 2886 αὐτό-

98 2905 168 2939 θεν
192 2902 225 2938 Ε
303 2905 612 2982 ἷπαρεβοήθηὶ
706 2909 748 2940 24
772 2907 795 2941 i.
812 2915 921 2950 marg.
939 2903 1003 2952 λβ’
1020 2906 1050 2940 L
1121 2905 1159 2942 δὲ
1180 2904 1433 2940 FLAMVWE
1504 2902 1755 2952 *στρατηγὸςῙ

98 2969 122 3006 i.
140 2979 211 3005 ras.
227 2969 258 3003 L
274 2947 330 3014 Ba*
349 2971 395 3013 (h
413 2981 442 3008 e.
460 2970 653 3019 βασιλεὺσ)
676 2973 709 3009 V
