2107 3377
238 194 320 233 200
705 193 868 238 ANTIQ.
892 193 990 230 IUD.
1014 194 1105 229 xm
1128 197 1307 230 260—266
1330 198 1392 238 (1x.
1407 198 1438 239 2)

239 305 530 365 Ἀλεξάνδρου
560 309 632 351 καὶ
663 307 896 363 Διόδωρος
919 302 1113 359 Ἰάσονος
1148 304 1303 363 ἄνδρες
1331 308 1457 351 καλοὶ
1487 308 1560 350 καὶ
1592 302 1759 364 ἀγαθοὶ
1788 324 1906 364 πεμ-

127 380 205 421 261
240 379 434 435 φθέντες
463 373 552 419 ὕπὸ
587 375 726 432 δήμου
755 377 835 419 τοῦ
849 371 1088 429 Ἰουδαίων,
1120 374 1195 433 [οἳ]
1216 377 1288 419 καὶ
1312 376 1602 432 διελέχθησαν
1623 377 1729 430 περὶ
1750 376 1906 434 φιλίας

236 447 316 502 τῆς
353 441 636 501 ὑπαρχούσης
673 442 849 494 τούτοις
885 444 958 486 καὶ
998 448 1249 499 συμμαχίας
1286 443 1402 500 πρὸς
1437 441 1676 498 Ῥωμαίους
1712 445 1786 487 καὶ
1815 446 1904 488 τῶν

240 512 467 570 δημοσίων
506 510 794 567 πραγμάτιον,
835 505 961 562 ὅπως
999 527 1048 554 τε
1078 507 1239 569 Ἰόππη
1278 513 1353 555 καὶ
1392 513 1563 566 λιμένες
1608 512 1681 554 καὶ
1720 510 1905 568 Γάζωρα

238 582 312 623 καὶ
335 581 474 637 πηγαὶ
504 579 576 621 καὶ
608 573 718 629 ὅσας
746 577 904 629 πόλεις
926 577 1068 621 αὐτῶν
1091 575 1227 630 ἄλλας
1255 580 1329 622 καὶ
1347 583 1489 634 χωρία
1520 579 1729 633 πολεμῶν
1750 579 1905 635 ἐ’λαβεν

128 651 210 692 262
246 643 464 701 Ἀντίοχος
493 645 619 703 παρὰ
648 645 698 689 τὸ
730 649 809 703 τῆς
839 641 1078 703 συγκλήτου
1101 646 1243 703 δόγμα
1265 649 1406 690 ταῦτα
1427 643 1801 704 ἀποκατασταθῇ,
1831 647 1907 691 ἵνα

237 731 286 758 τε
324 723 419 765 τοῖς
455 713 749 769 στρατιώταις
790 723 885 765 τοῖς
921 715 1170 769 βασιλικοῖς
1207 713 1265 770 μὴ
1305 713 1378 771 ἒξῖ
1418 714 1492 758 διὰ
1531 716 1610 771 τῆς
1645 714 1792 769 χώρας
1829 717 1904 771 τῆς

239 777 382 825 αὐτῶν
411 783 485 825 καὶ
514 784 601 825 τῶν
631 779 839 840 ὕπηκόων
871 777 1014 825 αὐτῶν
1043 782 1313 836 διέρχεσθαι,
1344 784 1418 826 καὶ
1448 781 1573 833 ὅπως
1601 781 1658 825 τὰ
1688 781 1799 826 κατὰ
1829 782 1903 827 τὸν

236 849 436 904 πόλεμον
467 848 630 894 ἐκεῖνον
658 852 955 908 ψηφισθέντα
983 846 1072 892 ὑπὸ
1094 845 1321 903 Ἀντιόχου
1342 849 1467 906 παρὰ
1488 849 1537 894 τὸ
1570 852 1647 907 τῆς
1669 850 1904 909 συγκλήτου

126 917 208 960 263
241 917 383 973 δόγμα
415 913 553 974 ἀκυρα
582 921 779 976 γένηται,
819 917 893 961 ἵνα
932 933 981 960 τε
1009 919 1221 972 πρέσβεις
1250 920 1512 972 πέμψαντες
1543 913 1833 976 ἀποδοθῆναί
1855 934 1905 962 τε

238 980 390 1036 αὐτοῖς
427 985 680 1043 ποιήσωσιν
719 985 774 1028 τὰ
813 980 895 1028 ὑπ’
920 981 1147 1038 Ἀντιόχου
1188 979 1496 1040 ἀφαιρεθέντα
1533 988 1607 1029 καὶ
1644 985 1724 1042 τὴν
1758 986 1904 1043 χώραν

237 1051 590 1111 διατιμήσωνται
618 1052 697 1109 τὴν
729 1052 773 1095 ἐν
803 1055 867 1108 τῷ
899 1053 1081 1108 πολέμῳ
1119 1051 1466 1109 διεφθαρμένην,
1507 1048 1633 1104 ὅπως
1668 1070 1718 1096 τε
1757 1050 1906 1105 αὐτοῖς

236 1120 352 1176 πρός
381 1137 430 1164 τε
457 1122 659 1176 βασιλεῖς
688 1122 763 1163 καὶ
790 1116 954 1176 δήμους
976 1119 1236 1176 ἐλευθέρους
1256 1118 1493 1183 γράμματα
1515 1120 1651 1164 διῦσιν
1673 1120 1737 1172 εἰς
1758 1117 1906 1179 ἀσφά-

124 1189 207 1230 264
238 1190 361 1231 λειαν
399 1191 477 1244 τῆς
516 1187 579 1239 εἷς
620 1185 739 1231 οἷκον
781 1187 1016 1231 ἐπανόδου.
1085 1186 1233 1237 ἔδοξεν
1273 1184 1347 1229 οὖν
1386 1189 1493 1242 περὶ
1537 1187 1706 1231 τούτων
1745 1191 1905 1232 ταῦτα·

238 1251 586 1299 ἀνανεώσασθαι
617 1256 773 1313 φιλίαν
802 1257 875 1299 καὶ
908 1258 1159 1310 συμμαχίαν
1180 1253 1295 1311 πρὸς
1317 1251 1480 1310 ἄνδρας
1501 1250 1703 1311 ἀγαθοὺς
1722 1258 1797 1300 καὶ
1815 1253 1904 1300 ὕπὸ

124 1325 205 1366 265
238 1322 378 1380 δήμου
406 1320 713 1381 Υπεμφθέντας
752 1319 928 1379 ἀγαθοῦ
966 1324 1039 1365 καὶ
1079 1323 1226 1379 φίλου.
1295 1323 1400 1378 περὶ
1444 1326 1596 1377 μέντοι
1639 1324 1907 1379 γραμμάτων

239 1386 534 1448 ἀπεκρίναντο
564 1390 905 1446 βουλεύσεσθαι,
937 1385 1044 1434 ὅταν
1077 1386 1168 1433 ἀπὸ
1191 1392 1279 1432 τῶν
1302 1389 1428 1433 ἰδίων
1449 1387 1474 1446 ἡ
1499 1390 1735 1449 σύγκλητος
1755 1388 1907 1447 εὗσχο-

238 1458 362 1518 λήσῃ,
396 1459 670 1503 σπουδάσειν
698 1475 748 1502 τε
776 1461 855 1502 τοῦ
886 1459 1049 1502 λοιποῦ
1068 1458 1206 1516 μηδὲν
1228 1457 1292 1509 εἷς
1317 1454 1477 1509 αὐτοὺς
1508 1454 1701 1516 ἀδίκημα
1731 1463 1907 1504 τοιοῦτο

236 1531 463 1584 γενέσθαι,
497 1527 651 1571 δοῦναί
679 1544 728 1570 τε
760 1523 910 1578 αὐτοῖς
939 1525 1017 1570 τὸν
1043 1525 1285 1584 στρατηγὸν
1309 1525 1503 1570 Φάννιον
1520 1527 1723 1583 χρήματα
1755 1527 1801 1571 ἐκ
1829 1530 1908 1572 τοῦ

125 1597 209 1637 266
242 1595 470 1652 δημοσίου,
502 1590 629 1646 ὅπως
660 1588 712 1638 ἂν
744 1595 806 1646 εἰς
836 1594 915 1652 τὴν
937 1595 1104 1638 οἰκείαν
1127 1593 1435 1637 ἐπανέλθοιεν.
1498 1594 1692 1646 Φάννιος
1721 1596 1802 1651 μὲν
1832 1586 1908 1640 οὖν

236 1659 376 1714 οὕτως
416 1659 684 1718 ἀποπέμπει
721 1663 824 1714 τοὺς
861 1665 950 1706 τιῦν
975 1658 1201 1706 Ἰουδαίων
1240 1665 1451 1717 πρέσβεις
1486 1658 1688 1718 χρήματά
1726 1680 1774 1707 τε
1805 1662 1908 1715 δοὺς

236 1727 388 1782 αὐτοῖς
429 1730 474 1774 ἐκ
510 1734 590 1775 τοῦ
629 1731 842 1789 δημοσίου
880 1732 955 1773 καὶ
994 1730 1135 1786 δόγμα
1170 1729 1406 1786 συγκλήτου
1438 1729 1553 1784 πρὸς
1582 1729 1685 1782 τοὺς
1716 1731 1909 1787 διαπέμ-

236 1807 410 1855 ψοντας
439 1800 513 1842 καὶ
545 1795 726 1856 ἀσφαλῆ
757 1797 1086 1853 παρεξομένους
1115 1796 1194 1856 τὴν
1227 1797 1377 1841 οἴκαδε
1407 1802 1673 1851 παρουσίαν.

344 1945 709 1981 PFLAMVWELat
732 1944 810 1979 Exc
834 1944 878 1980 de
901 1944 1148 1990 legationibus.

349 2006 362 2037 1
393 1999 601 2048 Διόδωρος]
628 1999 830 2048 ὁωρόθεοσ
855 2002 935 2036 Exc
1051 1998 1221 2038 ἰάσωνοσ
1244 2001 1339 2035 PLV
1350 2001 1429 2036 Exc
1544 1996 1687 2047 ἀγαθοὶ
1710 2002 1775 2036 καὶ
1797 2000 1910 2036 καλοὶ

232 2063 277 2093 tr.
302 2058 426 2094 AMW
436 2058 515 2093 Exc
607 2054 776 2105 κάγαθοὶ
799 2058 833 2092 V
935 2061 954 2092 2
979 2060 1060 2100 τοῦ]
1085 2061 1162 2094 τιῦν
1186 2057 1313 2092 PFLV
1412 2055 1449 2093 οἳ
1472 2067 1541 2092 om.
1568 2057 1685 2092 PExc
1785 2055 1823 2093 οἳ
1845 2058 1910 2092 καὶ

235 2126 303 2151 om.
330 2115 394 2150 FV
467 2113 503 2151 οἳ
527 2116 591 2150 καὶ
617 2114 862 2160 διελέχθησαν
886 2124 954 2150 om.
979 2114 1051 2149 Lat
1143 2118 1164 2149 4
1189 2127 1230 2150 τε
1255 2124 1324 2149 om.
1351 2113 1421 2148 Lat
1514 2111 1604 2159 ἰόπη
1629 2113 1708 2148 Exc
1722 2112 1865 2148 Bekker

234 2171 390 2217 λιμένοσ
414 2171 473 2206 PF
499 2172 637 2214 λίμνοσ
660 2170 693 2206 V
718 2171 875 2215 λυμένεσ
901 2171 1004 2207 codd.
1029 2170 1133 2205 Amb.
1160 2175 1195 2205 et
1219 2169 1371 2205 Schottii
1395 2170 1474 2205 Exc
1552 2167 1732 2217 Γάζωρα]
1757 2167 1908 2217 γάζαρα

234 2229 339 2264 LMV
364 2232 399 2263 et
417 2238 459 2263 ex
477 2238 570 2263 corr.
591 2228 624 2261 A
648 2238 737 2262 :ora
754 2227 827 2262 Lat
897 2232 916 2263 5
944 2228 1069 2274 Πηγαί
1085 2236 1214 2262 nomen
1230 2227 1300 2261 loci
1318 2236 1396 2261 esse
1413 2230 1517 2270 putat
1534 2226 1726 2262 Holwerda
1742 2238 1778 2272 p.
1800 2230 1862 2263 110

235 2283 353 2328 ἄλλας
375 2287 451 2326 καὶ]
476 2287 540 2321 καὶ
565 2282 660 2321 ἄλλα
687 2284 765 2319 Exc
833 2282 969 2331 χώρασ
992 2284 1026 2319 V
1110 2280 1258 2330 ἔλαβεν]
1284 2283 1396 2318 tenuit
1420 2283 1501 2319 Lat.
1527 2293 1595 2318 om.
1620 2283 1864 2318 LAMWExc

236 2344 254 2376 6
281 2339 416 2388 δόγμα]
442 2339 564 2388 δόγμα
591 2336 770 2387 ἀφείλετο
796 2340 951 2375 LAMW
1085 2335 1411 2385 ἀποκατασταθῇ·
1427 2359 1456 2366 ·-
1480 2341 1513 2374 A
1538 2335 1907 2386 ἀποκατασταθῆναι

236 2399 282 2433 W
347 2403 366 2434 8
385 2395 522 2440 αὐτῶν]
541 2393 674 2435 αὖτοῖσ
690 2398 770 2432 Exc
801 2441 804 2443 Α
831 2399 894 2433 καὶ
912 2399 989 2433 τῶν
1006 2407 1073 2431 om.
1092 2395 1245 2430 LAMW
1255 2396 1332 2430 Exc
1344 2396 1413 2431 Lat
1482 2391 1662 2443 ὑπηκόων
1679 2406 1721 2431 ex
1738 2393 1907 2442 ἰπήκοον

242 2465 332 2490 corr.
358 2456 391 2489 A
416 2451 587 2502 ὑπηκόου
610 2455 689 2489 Exc
782 2448 921 2495 αὖτῶν]
948 2450 1072 2490 ὄντων
1089 2451 1327 2495 LAMWLat,
1353 2463 1419 2488 om.
1437 2453 1515 2487 Exc
1609 2456 1628 2487 9
1654 2452 1907 2499 ψηφισθέντα]

239 2512 511 2559 ψηλαφηθέντα
538 2511 635 2547 FLV
658 2515 762 2557 qesta
778 2510 849 2545 Lat
941 2505 1008 2546 ἔπ’
1026 2509 1180 2544 AMVW
1274 2507 1391 2555 παρὰ]
1416 2505 1514 2545 κατὰ
1534 2505 1610 2544 Exc
1685 2513 1722 2544 10
1748 2521 1788 2545 τε
1813 2511 1909 2553 (post

234 2566 312 2612 ἵνα)
334 2580 402 2604 om.
429 2569 508 2604 Exc
613 2572 646 2602 11
676 2564 751 2605 ὑπὸ
779 2567 857 2602 Exc
961 2569 1000 2602 13
1027 2568 1151 2607 δῶσιν,
1177 2580 1187 2600 ι
1213 2575 1256 2600 ex
1281 2575 1370 2600 corr.
1396 2566 1427 2599 A
1452 2562 1585 2601 δώσειν
1609 2563 1751 2598 PFLW
1762 2563 1840 2599 Exe

238 2621 429 2671 α’σᾳιὲλιαν
453 2625 480 2660 Ρ
555 2629 595 2661 14
621 2625 673 2668 εἷς
699 2622 819 2666 οἷκον]
847 2616 941 2669 ἧκον
966 2623 1044 2658 cod.
1063 2622 1206 2657 Monac.
1225 2617 1318 2658 εἷκοι
1337 2622 1393 2655 nel
1414 2617 1510 2657 οἶκοι
1531 2621 1610 2656 cod.
1629 2621 1766 2656 Schott.
1786 2620 1863 2656 Exc

237 2684 322 2727 περὶ
341 2680 487 2718 τούτων
504 2692 572 2717 om.
591 2681 670 2716 Exc
742 2684 782 2716 16
806 2677 1053 2728 γραμμάτων]
1073 2681 1150 2714 τῶν
1167 2675 1403 2724 πραγμάτων
1419 2677 1631 2712 AMWExc
1655 2677 1762 2713 rebus
1778 2677 1910 2713 ablatis

237 2738 318 2781 Lat,
344 2740 432 2773 latet
457 2739 663 2783 corruptela
783 2741 822 2772 17
846 2733 1135 2785 βουλεύσεσθαι]
1162 2734 1311 2770 Hudson
1335 2735 1371 2769 in
1397 2735 1511 2769 Henn.
1538 2743 1618 2768 esse
1642 2733 1732 2769 falso
1758 2734 1910 2769 credidit

235 2793 517 2841 βουλεύσασθαι
536 2794 839 2830 PFLAMWExc
856 2790 1106 2841 βουλεύεσθαι
1121 2792 1153 2826 V
1225 2794 1264 2827 18
1285 2794 1460 2827 τοιοῦτον
1474 2790 1501 2824 F
1511 2790 1587 2824 Exc
1661 2793 1700 2824 19
1718 2790 1909 2836 γενέσθαι]

237 2852 315 2886 Exc
340 2850 566 2899 γενήσεσθαι
593 2851 694 2887 codd.
789 2848 928 2896 ([ιὲιίον
952 2849 1140 2884 LAMVW
1165 2853 1200 2883 et
1225 2848 1304 2884 cod.
1330 2847 1471 2882 schotti
1495 2847 1574 2881 Exc
1664 2849 1791 2892 χρῆμα
1816 2846 1864 2882 W

239 2911 281 2943 2⁴»
308 2908 430 2944 οἰκίαν
454 2908 517 2942 LV
589 2905 730 2954 ([άνιοσ
754 2906 908 2941 LMVW
995 2910 1034 2941 21
1062 2902 1298 2951 *α’ποπὲμπη
1323 2905 1368 2938 W
1439 2906 1544 2939 *τῶν
1569 2913 1635 2938 om.
1657 2903 1703 2936 W
1773 2916 1814 2940 τε
1839 2913 1908 2938 om.

238 2965 399 3000 PFLVE
471 2968 512 2999 22
531 2964 822 3008 διαπέμψαντασ
838 2963 1053 2998 PFLVExc
1124 2965 1165 2997 23
1183 2965 1246 2998 καὶ
1263 2972 1329 2997 om.
1347 2962 1423 2996 Exc
1494 2961 1736 3005 *vaporalem
1752 2959 1812 2995 fiu.
1831 2959 1911 2995 Exc

1935 925 1972 959 lo

1936 1263 1975 1297 15
