2107 3377
161 438 241 480 138

163 845 242 885 139

164 1050 243 1089 140

166 1391 239 1429 141

167 1796 247 1836 142

173 2000 248 2040 143

271 185 323 223 96
744 181 908 226 *ANTIQ
932 181 1031 217 IUD.
1054 181 1127 216 ΧΠ
1154 183 1330 217 137—143
1353 182 1416 224 (ιιι.
1433 183 1464 223 3)

270 301 410 342 ταῦτα
442 296 686 354 ἱστόρησεν.
745 293 870 354 ἡμεῖς
902 291 947 338 δ’
974 294 1253 350 ἐπανάξομεν
1283 294 1361 338 τὸν
1383 294 1512 351 λόγον
1534 293 1610 337 ἐπὶ
1640 292 1719 350 τὴν
1740 293 1939 352 διήγησιν

272 368 585 422 παραθέμενοι
615 365 792 420 πρῶτον
822 362 904 414 τὰς
934 361 1176 413 ἐπιστολὰς
1205 365 1284 406 τοῦ
1311 363 1532 418 βασιλέως
1555 357 1801 415 Ἀντιόχου.

386 431 604 483 Βασιλεὺς
627 428 857 485 Ἀντίοχος
878 431 1148 487 Πτολεμαίῳ
1166 434 1350 486 χαίρειν.
1396 432 1483 473 τῶν
1508 425 1734 474 Ἰουδαίων
1755 430 1829 472 καὶ
1850 446 1940 472 πα-

272 505 456 558 ραυτίκα
485 503 577 555 μέν,
618 496 746 557 ἡνίκα
776 501 853 556 τῆς
879 498 1027 555 χώρας
1058 497 1276 556 ἐπέβημεν
1316 496 1472 550 αὐτῶν,
1513 495 1860 551 ἐπιδειξαμένων
1889 496 1963 540 τὸ·

272 568 388 626 πρὸς
426 565 541 625 ἡμᾶς
581 566 819 624 φιλότιμον
856 569 930 610 καὶ
969 569 1354 623 παραγενομένους
1393 559 1435 607 δ’
1463 564 1526 615 εἷς
1555 565 1634 622 τὴν
1664 563 1799 607 πόλιν
1831 565 1943 620 λαμ-
1970 573 1997 606 5.

272 639 398 693 πρῶς
434 635 728 690 ἐκδεξαμένων
757 637 832 678 καὶ
853 634 966 690 μετὰ
985 637 1062 692 τῆς
1083 637 1315 690 γερουσίας
1338 628 1702 690 ἀπαντησάντων,
1735 629 1942 690 ἄφθονον

274 705 320 747 δὲ
350 703 429 762 τὴν
455 707 665 760 χορηγίαν
695 712 790 753 τοῖς
821 702 1115 759 στρατιώταις
1146 703 1220 745 καὶ
1250 710 1346 751 τοῖς
1377 699 1562 756 ἐλέφασι
1584 703 1941 757 παρεσχημένων,

274 770 592 822 συνεξελόντων
632 771 680 814 δὲ
717 774 791 816 καὶ
829 770 932 822 τοὺς
972 769 1016 814 ἐν
1054 772 1108 827 τῇ
1148 766 1261 827 ἄκρᾳ
1292 767 1512 826 φρουροὺς
1541 769 1629 810 τῶν
1658 766 1941 824 Αἰγυπτίων,

273 836 524 898 ἠξιώσαμεν
561 841 635 882 καὶ
676 835 802 882 αὐτοὶ
841 839 1008 882 τούτων
1048 834 1206 888 αὐτοὺς
1247 833 1540 892 ἀμείψασθαι
1578 837 1651 878 καὶ
1691 833 1770 893 τὴν
1808 835 1943 880 πόλιν

276 903 418 951 αὐτῶν
464 903 699 962 ἀναλαβεῖν
742 909 1113 965 κατεφθαρμένην
1157 903 1245 949 ὕπὸ
1292 908 1379 949 τῶν
1425 907 1530 960 περὶ
1575 903 1678 954 τοὺς
1723 904 1948 958 πολέμους
1974 910 1992 946 1

275 975 594 1031 συμπεσόντων
632 977 707 1019 καὶ
746 979 993 1027 συνοικίσαι
1031 976 1120 1017 τῶν
1160 974 1494 1029 διεσπαρμένων
1535 972 1598 1024 εἷς
1638 967 1772 1030 αὐτὴν
1806 971 1945 1015 πάλιν

275 1044 596 1089 συνελθόντων.
657 1045 836 1096 πρῶτον
859 1039 901 1085 δ’
929 1038 1081 1092 αὐτοῖς
1103 1041 1330 1097 ἐκρίναμεν
1353 1040 1427 1084 διὰ
1448 1039 1526 1097 τὴν
1550 1036 1777 1095 εὐσέβειαν
1797 1056 1946 1096 παρα-

275 1122 393 1167 σχεῖν
433 1111 496 1162 εἷς
535 1111 614 1163 τὰς
651 1115 818 1162 θυσίας
858 1110 1062 1160 σύνταξιν
1101 1111 1269 1165 κτηνῶν
1299 1126 1347 1152 τε
1376 1112 1584 1163 θυσίμων
1614 1109 1687 1151 καὶ
1720 1107 1842 1151 οἴνου
1872 1107 1945 1150 καὶ

275 1179 426 1224 ἐλαίου
456 1181 530 1223 καὶ
561 1179 744 1234 λιβάνου
777 1175 984 1235 ἀργυρίου
1025 1176 1244 1233 μυριάδας
1284 1176 1362 1219 δύο
1400 1177 1475 1219 καὶ
1507 1174 1780 1230 σεμιδάλεως
1809 1169 1947 1231 ἆρτά-

273 1253 357 1303 βας
398 1248 518 1302 ἱερᾶς
562 1246 673 1290 κατὰ
725 1246 802 1290 τὸν
842 1242 1081 1303 ἐπιχώριον
1119 1245 1254 1299 νόμον
1303 1246 1457 1298 πυρῶν
1501 1243 1738 1298 μεδίμνους
1778 1243 1950 1296 χιλίους

275 1320 586 1373 τετρακοσίους
616 1314 824 1373 ἑξήκοντα
854 1316 927 1357 καὶ
959 1311 1076 1357 ἁλῶν
1107 1313 1345 1367 μεδίμνους
1379 1315 1660 1367 τριακοσίους
1681 1310 1948 1368 ἑβδομηκον-

276 1387 480 1427 ταπέντε.
540 1384 775 1427 τελεῖσθαι
806 1377 849 1425 δ’
877 1378 1028 1432 αὐτοῖς
1065 1383 1205 1423 ταῦτα
1234 1380 1466 1435 βούλομαι,
1496 1378 1652 1429 καθώς
1683 1377 1946 1430 ἐπέσταλκα,

275 1454 349 1496 καὶ
378 1451 428 1496 τὸ
463 1454 567 1506 περὶ
607 1450 656 1495 τὸ
694 1450 812 1506 ἱερὸν
843 1446 1185 1506 ἀπαρτισθῆναι
1215 1448 1341 1504 ἔργον
1371 1448 1451 1499 τάς
1480 1463 1529 1490 τε
1561 1445 1696 1497 στοὰς
1724 1439 1804 1488 κᾶν
1835 1445 1878 1505 εἴ
1904 1462 1950 1489 τι

276 1521 424 1577 ἕτερον
455 1519 747 1577 οἰκοδομῆσαι
787 1518 901 1561 δέοι·
942 1515 968 1576 ἡ
1009 1517 1056 1560 δὲ
1094 1519 1182 1560 τῶν
1215 1517 1353 1568 ξύλων
1393 1511 1471 1572 ῧλή
1504 1512 1872 1569 κατακομιζέσθω
1903 1511 1952 1564 ἐξ

278 1584 411 1646 αυτῆς
449 1604 498 1631 τε
536 1590 613 1644 τῆς
638 1583 855 1637 Ἰουδαίας
892 1588 968 1630 καὶ
1008 1585 1053 1629 ἐκ
1091 1587 1179 1629 τῶν
1215 1581 1362 1628 ἄλλων
1393 1583 1538 1627 ἐθνῶν
1568 1585 1642 1626 καὶ
1673 1581 1718 1626 ἐκ
1747 1583 1826 1625 τοῦ
1857 1586 1951 1625 Λι-
1992 1595 2006 1613 ··

275 1657 412 1712 βάνου
451 1655 639 1714 μηδενὸς
677 1657 991 1711 πρασσομένου
1028 1655 1168 1704 τέλος.
1238 1650 1405 1732 ὁμοίιος
1452 1651 1499 1694 δὲ
1538 1653 1611 1695 καὶ
1649 1659 1744 1702 τοῖς
1783 1646 1948 1702 ἄλλοις,

279 1724 323 1768 ἐν
364 1723 431 1775 οἷς
470 1741 523 1766 αν
562 1723 918 1781 ἐπιφανεστέραν
955 1725 1190 1778 γίγνεσθαι
1223 1720 1302 1778 τῂν
1333 1722 1410 1764 τοῦ
1443 1720 1561 1776 ἱεροῦ
1593 1717 1828 1774 ἐπισκευὴν
1859 1717 1948 1774 δέη.

279 1794 678 1836 πολιτευέσθωσαν
719 1791 766 1834 δε
804 1790 969 1842 πάντες
1009 1791 1052 1834 οἱ
1083 1790 1128 1833 ἐκ
1157 1791 1236 1832 τοῦ
1268 1789 1428 1839 ἔθνους
1457 1786 1569 1830 κατὰ
1600 1786 1702 1838 τοὺς
1733 1789 1950 1841 πατρίους

280 1860 453 1915 νόμους,
487 1855 762 1903 ἀπολυέσθω
795 1856 836 1901 δ’
861 1855 886 1915 ἡ
910 1862 1118 1915 γερουσία
1147 1858 1221 1901 καὶ
1244 1857 1287 1900 οἱ
1319 1857 1450 1912 ἱερεῖς
1480 1857 1551 1898 καὶ
1580 1863 1853 1911 γραμματεῖς
1872 1854 1951 1897 τοῦ

283 1929 401 1985 ἱεροῦ
431 1930 505 1971 καὶ
538 1926 808 1983 ἱεροψάλται
839 1922 899 1968 ῶν
929 1923 1043 1981 ὑπὲρ
1073 1928 1150 1984 τῆς
1180 1926 1376 1983 κεφαλῆς
1405 1925 1607 1967 τελοῦσιν
1642 1924 1715 1966 καὶ
1745 1923 1822 1965 τοῦ
1854 1936 1952 1964 στε-
2065 1918 2067 1949 1

280 1998 516 2055 φανιτικοῦ
548 1995 688 2054 φόρου
720 1996 792 2038 καὶ
824 1997 903 2037 τοῦ
932 1996 1037 2049 περὶ
1069 1995 1156 2036 τῶν
1188 1989 1347 2035 ἄλλων.
1405 1992 1479 2035 ἵνα
1511 1991 1558 2035 δὲ
1580 1993 1750 2034 θᾶττον
1770 1986 1795 2047 ἦ
1820 1988 1952 2040 πόλις

279 2066 567 2121 κατοικισθῇ,
610 2063 773 2117 δίδωμι
811 2071 905 2112 τοῖς
944 2078 992 2104 τε
1034 2063 1107 2104 νῦν
1144 2062 1423 2104 κατοικοῦσιν
1462 2061 1535 2103 καὶ
1565 2060 1954 2112 κατελευσομένοις

395 2221 685 2257 PFLAVWLat
709 2220 891 2265 Syncellus
916 2230 950 2263 p.
979 2223 1055 2253 535.

399 2286 411 2316 1
440 2277 642 2327 ἱστόρηκεν
665 2278 730 2313 FV
821 2273 1069 2320 ἐπανάξωμεν
1094 2275 1236 2310 PLAW
1330 2279 1348 2309 5
1376 2273 1703 2321 παραγενομένων
1726 2274 1760 2308 A
1830 2273 1871 2312 δὲ
1897 2274 1953 2311 εἰσ

282 2349 326 2374 ex
350 2349 441 2374 corr.
466 2338 499 2371 A
614 2331 738 2376 πόλιι]
764 2331 877 2370 πόλιν
902 2347 948 2369 αι
952 2346 1028 2368 των
1052 2332 1083 2365 Υ
1200 2336 1219 2365 6
1245 2329 1354 2376 μετὰ]
1379 2330 1474 2376 μετὰ
1500 2332 1570 2376 μὲν
1593 2331 1773 2367 FLAVW
1888 2333 1954 2379 τῆς

281 2396 497 2442 γεροισίας]
520 2391 725 2428 senioribus
748 2397 782 2426 ec
801 2389 1034 2437 principebus
1058 2388 1127 2422 Lat
1205 2393 1223 2423 ‘l
1250 2384 1370 2430 αι’τοὶ]
1397 2385 1505 2434 ἢμεῖσ
1530 2387 1703 2423 FLVLat
1777 2392 1816 2423 10
1841 2383 1953 2424 πολέ-

281 2455 387 2497 μους]
413 2446 649 2497 ἅνθρώπουσ
672 2448 737 2483 FV
778 2456 781 2458 ·
856 2450 891 2481 11
922 2443 1047 2487 mila]
1072 2439 1184 2481 πόλιν
1209 2445 1236 2479 Ρ
1356 2447 1394 2478 13
1422 2444 1483 2486 εἰς]
1510 2441 1576 2490 τὴν
1600 2443 1657 2481 εἰσ
1682 2443 1862 2479 FLAVW

283 2506 457 2551 σύνταξιν
481 2527 522 2532 -
549 2507 722 2550 θυσίμων
746 2515 815 2540 om.
842 2503 871 2538 L
978 2505 1016 2537 14
1041 2497 1115 2549 α’ρ)
1119 2502 1237 2547 υρίου]
1263 2496 1447 2548 ἀργυρίοι-
1473 2498 1579 2547 τιμὴν
1605 2499 1864 2535 FLAVWLat

281 2563 473 2612 μυριάδων
496 2563 528 2598 V
621 2559 665 2609 β’
691 2561 723 2595 V
831 2556 1059 2604 σεμιδάλεως
1083 2579 1125 2584 -
1154 2562 1192 2593 15
1219 2558 1334 2603 ἱερᾶς]
1360 2557 1409 2592 ad
1431 2558 1582 2593 similam
1609 2557 1680 2592 Lat
1781 2560 1818 2592 15
1844 2553 1955 2604 ἱερὰσ

283 2620 462 2656 FLAVW
487 2616 591 2665 ἱερὰς
616 2616 650 2655 ς’
678 2618 824 2653 Grotius
892 2618 1036 2663 χιλίους
1058 2635 1103 2641 -
1132 2618 1170 2650 16
1197 2613 1390 2661 ἑξήκοντα]
1417 2608 1500 2658 ιιι-ξ’
1516 2615 1548 2649 V
1574 2613 1670 2649 mille
1695 2611 1953 2650 CCCCLXXV

283 2679 353 2713 Lat
449 2680 489 2712 16
515 2673 696 2722 ἑξήκοντα
715 2695 756 2699 -
775 2674 1017 2717 τριακοσίους
1042 2683 1110 2708 0111.
1138 2672 1214 2707 l’W
1307 2668 1373 2707 τοέ
1399 2671 1430 2705 Υ
1512 2673 1551 2705 18
1576 2666 1660 2712 κᾶν]
1685 2672 1748 2706 καὶ
1773 2668 1954 2705 FLAVW

398 2737 439 2768 20
465 2747 505 2770 τε
530 2743 599 2769 0111.
618 2731 713 2766 FLV
806 2733 870 2767 καὶ
894 2729 936 2767 ἐκ
963 2733 1029 2766 τοῦ
1049 2750 1090 2754 -
1109 2732 1150 2765 21
1172 2726 1279 2771 τέλος
1304 2738 1372 2763 0111.
1392 2727 1438 2763 W
1518 2731 1554 2761 21
1584 2723 1748 2773 μηδενὸσ
1773 2726 1954 2771 εἰσπρασ-

284 2788 452 2835 σομένου
475 2792 507 2825 A
606 2789 742 2826 τέλουσ
768 2788 862 2822 FLV
964 2790 1055 2829 τοῖς]
1081 2784 1122 2822 ἐν
1146 2791 1231 2822 τοΐσ
1257 2784 1320 2819 Fv
1345 2785 1379 2819 in
1405 2785 1514 2826 (aliis)
1540 2783 1610 2817 Lat
1713 2785 1755 2817 22
1780 2785 1953 2830 γίνεσθαι

284 2847 380 2882 FLV
451 2844 529 2883 δέοι
555 2847 659 2881 codd.
747 2848 788 2880 23
815 2843 1022 2891 πατρώουσ
1046 2842 1110 2877 FV
1182 2845 1223 2877 24
1249 2837 1296 2884 δ’]
1323 2841 1359 2878 δὲ
1385 2843 1447 2877 καὶ
1474 2841 1503 2875 F
1528 2841 1567 2877 δὲ
1592 2839 1655 2874 LV
1726 2847 1745 2886 η
1771 2840 1953 2887 γερουσία

284 2915 352 2939 om.
371 2904 440 2938 Lat
511 2902 546 2939 οὶ
571 2914 640 2938 om.
659 2902 691 2937 V
759 2904 823 2938 καὶ
850 2900 885 2938 οἳ
911 2905 1150 2947 γραμματεῑσ
1166 2897 1311 2933 FLAW
1384 2900 1425 2932 25
1451 2900 1513 2933 καὶ
1540 2898 1574 2932 οὶ
1601 2893 1827 2942 ἱεροψάλται
1845 2895 1907 2931 FL

285 2961 516 3006 στεφανίτου
534 2960 597 2994 FV
613 2960 715 3004 reqio
735 2959 803 2994 Lat
875 2961 917 2993 2ss
942 2956 1079 2998 ἄλλων]
1098 2954 1201 2993 ἁλῶν
1227 2954 1306 2990 coni
