2107 3377
222 1864 272 1904 10

293 188 376 227 240
784 189 946 234 ANTIQ.
970 189 1066 225 IUD.
1090 190 1177 225 X1V
1200 193 1310 226 4—10
1336 194 1371 232 (1.
1386 196 1414 222 2.
1431 193 1464 232 3)

292 305 371 360 τῆς
402 302 593 360 ἑβδόμης
622 303 695 345 καὶ
717 301 1044 360 ἑβδομηκοστῆς
1073 302 1188 359 πρὸς
1216 312 1315 354 ταῖς
1345 302 1500 346 ἑκατὸν
1520 298 1810 358 ὀλυμπιάδος,
1840 301 1958 348 ὓπα-

293 371 497 421 τεύοντος
523 368 746 425 Ῥωμαίων
786 374 978 413 Κυίντου
1012 367 1243 427 Ὁρτησίου
1282 373 1355 415 καὶ
1394 374 1586 414 Κυίντου
1617 373 1870 425 Μετέλλου,
1910 371 1959 424 ὃς

296 438 348 495 δὴ
380 441 454 482 καὶ
488 437 703 495 Κρητικὸς
742 436 1020 489 ἐπεκαλεῖτο,
1060 437 1256 493 πόλεμον
1295 434 1430 489 εὐθὺς
1468 437 1643 496 ἐκφέρει
1678 437 1794 494 πρὸς
1826 434 1958 482 αὐτὸν

294 503 648 563 Ἀριστόβουλος,
679 507 753 548 καὶ
773 507 851 561 τῆς
880 505 1021 563 μάχης
1043 501 1161 562 αὐτῷ
1183 509 1416 563 γενομένης
1436 505 1552 561 πρὸς
1569 504 1816 561 Ἱεριχοῦντι
1846 508 1959 550 πολ-

297 576 366 618 λοὶ
405 576 492 616 τιῦν
524 575 808 627 στρατιωτῶν
847 569 983 617 αὐτοῦ
1013 572 1128 628 πρὸς
1164 573 1241 618 τὸν
1282 570 1476 631 ἀδελφὸν
1517 574 1850 628 αὐτομολοῦσιν.
1911 570 1962 618 οῦ

294 644 528 698 γενομένου
569 640 721 698 φεύγει
761 640 876 697 πρὸς
914 641 992 699 τὴν
1023 637 1266 695 ἀκρόπολιν
1291 639 1515 697 Ὑρκανός,
1556 642 1670 686 ἔνθα
1709 645 1962 698 συνέβαινεν

295 712 559 764 κατεῖρχθαι
588 707 667 765 τὴν
687 704 1030 765 Ἀριστοβούλου
1059 719 1241 765 γυναῖκα
1270 711 1343 753 καὶ
1373 709 1476 760 τοὺς
1506 710 1675 760 παῖδας
1707 706 1842 753 αὐτοῦ
1871 707 1960 753 ὗπό

295 779 374 834 τῆς
393 775 571 833 μητρός,
601 776 756 827 καθώς
786 777 1122 834 προειρήκαμεν,
1153 779 1226 820 καὶ
1255 777 1359 828 τοὺς
1380 774 1731 828 ἀντιστασιώτας
1761 777 1809 820 δὲ
1827 794 1964 820 κατα-

297 844 518 902 φυγόντας
549 843 612 921 εἷς
642 843 720 887 τὸν
755 847 834 888 τοῦ
867 845 986 900 ἱεροῦ
1017 847 1257 900 περίβολον
1297 846 1413 900 αἱρεῖ
1443 846 1724 901 προσβαλών.
1783 847 1857 888 καὶ
1888 844 1965 888 λό-

297 929 400 969 γους
430 907 733 970 ποιησάμενος
771 912 887 970 πρὸς
923 911 1000 955 τὸν
1033 907 1227 969 ἀδελφὸν
1267 915 1373 969 περὶ
1405 913 1666 968 συμβάσεως
1701 913 1966 956 καταλύεται

296 980 376 1039 τὴν
416 980 581 1036 έχθραν
621 979 698 1023 επὶ
736 982 800 1036 τεῦ
829 979 1081 1035 βασιλεύειν
1119 980 1209 1060 μὲν
1229 975 1590 1035 Ἀριστόβουλον,
1631 977 1765 1025 αὐτὸν
1804 981 1852 1024 δὲ
1891 981 1964 1039 ζῆν

300 1045 598 1105 ἀπραγμόνως
614 1047 918 1104 καρπούμενον
937 1043 1077 1097 ἆδειῦς
1093 1048 1170 1102 τὴν
1186 1044 1472 1101 υπάρχουσαν
1491 1047 1609 1104 αυτιῦ
1629 1051 1794 1107 κτῆσιν.
1824 1051 1966 1092 ταῦτα

299 1116 377 1160 ἐπὶ
406 1125 501 1166 τοῖς
541 1133 586 1159 εν
621 1118 686 1172 τῷ
721 1116 825 1172 ἱερῷ
856 1117 1122 1168 συνθέμενοι
1152 1115 1224 1157 καὶ
1257 1109 1404 1170 όρκοις
1434 1117 1507 1158 καὶ
1539 1116 1703 1167 δεξιαῖς
1734 1117 1967 1159 πιστωσά-

297 1201 424 1239 μενοι
444 1183 524 1234 τὰς
538 1158 777 1238 ὁμολογίας
796 1185 869 1226 καὶ
890 1182 1291 1236 κατασπασάμενοι
1311 1185 1388 1225 τοῦ
1409 1182 1616 1239 πλήθους
1637 1183 1806 1236 παντὸς
1828 1181 1967 1241 ὁρῶν-

297 1269 374 1302 τος
406 1247 618 1308 ἀλλήλους
651 1246 943 1308 ἆνεχώρησαν,
986 1248 1007 1294 5
1039 1251 1120 1304 μὲν
1151 1249 1214 1300 εἷς
1244 1249 1299 1292 τὰ
1329 1251 1558 1305 βασίλεια,
1594 1248 1798 1307 Ὑρκανὸς
1831 1248 1874 1295 δ’
1910 1249 1970 1304 ὥς
2019 1260 2032 1268 '

301 1319 480 1377 ἰδιώτης
509 1319 730 1375 τυγχάνων
763 1319 826 1370 εἷς
856 1317 934 1376 τὴν
965 1318 1109 1361 οἰκίαν
1139 1317 1218 1376 τὴν
1246 1313 1603 1373 Ἀριστοβούλου.

414 1391 453 1431 3.
502 1388 642 1438 Φίλος
680 1387 728 1430 δέ
767 1403 836 1438 τις
870 1384 1077 1442 Ὑρκανοῦ
1109 1382 1354 1440 Ἰδουμαῖος
1390 1382 1685 1443 Ἀντίπατρος
1724 1386 1967 1442 λεγόμενος,

300 1455 479 1498 πολλῶν
520 1454 599 1509 μὲν
633 1453 812 1509 εὐπόρει
848 1454 1105 1511 χρημάτων,
1148 1453 1412 1510 δραστήριος
1453 1454 1500 1497 δὲ
1531 1447 1591 1497 ὢν
1620 1453 1698 1511 τὴν
1729 1454 1865 1512 φύσιν
1894 1457 1968 1499 καὶ

301 1522 573 1583 στασιαστὴς
605 1518 851 1579 ἀλλοτρίως
883 1520 994 1576 εἶχεν
1024 1521 1138 1575 πρὸς
1168 1521 1244 1565 τὸν
1264 1517 1606 1578 Ἀριστόβουλον
1636 1524 1709 1566 καὶ
1740 1518 1970 1580 διαφόρως

302 1590 377 1634 διὰ
414 1590 493 1648 τὴν
533 1589 648 1645 πρὸς
687 1589 764 1633 τὸν
799 1587 1004 1645 Ὑρκανὸν
1045 1587 1232 1633 εὔνοιαν.
1307 1590 1533 1642 Νικόλαος
1579 1593 1732 1645 μέντοι
1771 1593 1907 1648 φησὶν
1946 1589 1968 1635 5

300 1658 596 1716 Δαμασκηνὸς
635 1661 792 1702 τοῦτον
824 1655 939 1701 εἶναι
967 1660 1091 1714 γένος
1131 1657 1175 1700 ἐκ
1203 1660 1292 1700 τιῦν
1330 1657 1518 1713 πρώτων
1543 1654 1769 1702 Ἰουδαίων
1807 1661 1895 1702 τῶν
1925 1658 1971 1702 ἐκ

302 1728 568 1782 Βαβυλῶνος
599 1742 663 1777 εις
692 1725 769 1784 τὴν
795 1721 1013 1804 Ἰουδαίαν
1045 1721 1339 1782 ἀφικομένων.
1399 1742 1539 1769 ται-τα
1574 1726 1621 1769 δὲ
1652 1727 1767 1782 λέγει
1792 1725 1971 1783 χαριζό-

302 1811 433 1849 μενος
460 1792 630 1850 Ἡρώδη
662 1795 725 1835 τιῦ
755 1794 890 1837 παιδὶ
923 1789 1057 1836 αυτοῦ
1085 1795 1264 1848 βασιλεῖ
1293 1795 1380 1836 τῶν
1407 1789 1631 1837 Ιοιδαίων
1672 1792 1716 1836 ἐκ
1745 1793 1874 1851 τύχης
1903 1811 1971 1838 τι-

305 1861 380 1913 νὸς
418 1865 659 1918 γενομένω,
700 1863 805 1917 περὶ
845 1857 895 1904 οὗ
931 1879 1042 1904 κατα
1081 1860 1235 1917 καιρὸν
1276 1861 1542 1918 διλώσομεν.
1604 1864 1731 1911 οὗτος
1768 1865 1916 1904 τοίνυν
1947 1858 1969 1904 5

302 1925 596 1985 Ἀντίπατρος
634 1925 848 1979 Ἀντίπας
891 1927 941 1972 τὸ
983 1931 1160 1984 πρῶτον
1201 1928 1395 1972 ἐκαλεῖτο
1444 1930 1517 1972 καὶ
1556 1930 1620 1985 τῷ
1659 1930 1795 1985 πατρὶ
1839 1925 1974 1972 αὐτοι
2004 1943 2034 1954 ··

419 2088 439 2130 ς
465 2090 485 2121 4
509 2105 554 2117 =
578 2087 806 2123 bell.1ud.1
836 2089 909 2124 120

419 2225 478 2261 PF
482 2224 672 2259 LAMVW
674 2223 785 2258 ELat
797 2223 957 2259 Zonaras
982 2223 999 2257 I
1024 2233 1057 2267 p.
1080 2225 1144 2257 397
1171 2222 1357 2268 Syncellus
1382 2233 1417 2267 p.
1437 2226 1501 2257 abo
1512 2233 1564 2267 sq

423 2287 437 2317 1
467 2278 692 2326 ὀλῖμπιᾶσιν
715 2281 744 2315 P
816 2283 835 2314 2
859 2275 1024 2316 καύντοι
1037 2279 1069 2315 V
1139 2280 1322 2326 ορτησίοῑ
1337 2279 1366 2314 P
1387 2274 1574 2325 (ἷρπησιόι
1589 2276 1667 2324 (ὁρ-
1685 2277 1737 2320 Μ)
1753 2277 1974 2313 FLAMVW

306 2342 375 2377 τοῦ
403 2335 584 2386 όρτησίου
608 2337 640 2372 Ε
719 2336 900 2374 *κυΐντου
924 2339 992 2373 τοῦ
1015 2336 1198 2381 μετὲλλου
1221 2336 1248 2370 Ρ
1342 2338 1360 2369 3
1386 2338 1477 2372 *καὶ
1503 2346 1571 2371 om.
1597 2335 1627 2369 F
1699 2333 1871 2371 ἐκαλεῖτο
1897 2333 1929 2369 Ε

306 2401 327 2432 4
352 2393 603 2442 *(Ιεριχοῦντι]
629 2391 799 2441 ἰἐριανὸν
822 2394 850 2428 P
871 2390 1097 2458 Ἱεριχρῦντα
1122 2393 1277 2438 Syncell.
1413 2397 1430 2427 ἰ’
1458 2394 1724 2438 *κατεῖρχθαι]
1749 2393 1976 2438 κρατεῖσθαι

307 2452 461 2488 LAMW
487 2454 523 2486 et
546 2451 570 2487 i.
596 2460 706 2495 marg.
732 2450 762 2485 F
850 2453 868 2485 8
894 2446 1026 2492 καθὼς
1050 2470 1093 2474 -
1118 2452 1138 2484 9
1163 2443 1399 2496 προσβαλών
1423 2460 1491 2484 om.
1519 2448 1589 2483 Lat
1658 2445 1977 2494 καταφεύγοντασ

308 2511 338 2544 Ε
409 2513 428 2543 9
455 2505 536 2550 τὸν]
563 2504 607 2544 τὸ
633 2506 730 2541 PFE
823 2509 892 2544 τοῦ
916 2506 1032 2552 ιεροῦ]
1059 2503 1166 2552 ἱερὸν
1182 2506 1243 2541 PE
1338 2500 1588 2553 περιβόλαιοι
1611 2504 1644 2539 Ε
1716 2502 1842 2551 *αἴρει
1866 2503 1977 2539 PFW

308 2563 406 2609 αἴρει
430 2565 463 2600 V
556 2561 804 2611 προσβαλὼν]
831 2560 1065 2611 προσβαλών
1090 2563 1128 2599 δε
1152 2551 1341 2598 LAMWE
1456 2566 1493 2597 10
1519 2558 1814 2608 *σιμβιβάσεωσ
1838 2559 1887 2595 W

311 2626 355 2660 11,
369 2623 464 2670 *τῴ]
482 2618 527 2657 τὸ
546 2620 576 2655 F
651 2624 690 2655 12
708 2621 849 2656 *κτίσιν
867 2621 913 2655 W
981 2623 1016 2655 13
1035 2619 1096 2656 ἐπὶ
1114 2623 1205 2663 τοῖς]
1224 2631 1291 2655 om.
1311 2619 1343 2654 E
1359 2617 1419 2655 ἐπὶ
1442 2615 1589 2660 τούτοις
1607 2617 1756 2653 Hudson
1818 2620 1978 2653 *πιστο-

309 2676 467 2723 σάμενοι
486 2678 516 2713 L
591 2681 630 2713 14
656 2683 743 2713 ταῖσ
769 2673 999 2723 ὃμολογιάισ
1019 2677 1051 2711 V
1126 2680 1164 2711 15
1191 2672 1432 2722 ανεχώρησει·
1448 2675 1480 2710 Ε
1552 2674 1589 2710 δὲ
1606 2673 1705 2709 LVE
1779 2676 1819 2708 16
1845 2669 1978 2719 τυγχά·

312 2750 386 2772 νων
411 2746 479 2771 om.
503 2733 762 2769 FLAMVWE
857 2730 934 2780 τὴν]
963 2736 1030 2770 τοῦ
1052 2733 1094 2775 F,
1120 2743 1187 2768 om.
1214 2732 1278 2767 LE
1390 2735 1428 2767 17
1454 2732 1476 2767 i.
1503 2741 1611 2775 marg.
1638 2727 1681 2776 β’
1708 2729 1769 2763 FL
1800 2727 1843 2763 II
1864 2728 1935 2764 Lat

309 2793 330 2834 ,Q
356 2796 374 2827 S
401 2792 506 2827 affert
529 2790 714 2836 Syncellus
739 2801 774 2834 p.
802 2793 864 2825 561
1002 2793 1040 2826 18
1067 2786 1234 2835 εὐπόρει]
1260 2783 1436 2835 εὐπορῶν
1461 2786 1796 2822 FLAMVWELat
1913 2781 1980 2832 τὴν

309 2850 420 2894 ‹Ji-012·
445 2845 499 2884 ὥν
522 2844 590 2888 (div
614 2858 642 2882 s.
670 2845 720 2887 M)
752 2849 796 2881 tr.
822 2846 1077 2882 FLAMVWE
1172 2848 1212 2880 20
1238 2841 1337 2881 *τὸν
1361 2855 1428 2880 om.
1447 2845 1479 2880 V
1550 2847 1590 2880 21
1618 2843 1725 2879 *τῶν
1742 2863 1783 2867 —-
1802 2844 1844 2877 22
1862 2844 1979 2879 ταῦτα

310 2905 349 2941 dl?
374 2916 442 2940 om.
469 2904 498 2938 L
571 2907 612 2938 23
638 2905 720 2939 *τεῦ
743 2900 868 2950 ἡρώὸη
892 2903 931 2938 Μ
1002 2906 1045 2938 2⁴
1070 2902 1303 2949 γεγενημὲνω
1330 2902 1362 2937 Ε
1430 2897 1480 2937 *ὁ
1507 2911 1576 2936 om.
1596 2900 1624 2934 F
1697 2902 1738 2934 25
1764 2895 1981 2936 *άντείπασ

311 2961 339 2996 P
432 2960 630 2997 *ἐκαλεῖτο
658 2971 726 2996 om.
752 2960 779 2995 P
