2029 3392
588 222 746 266 ANTIQ.
772 221 867 257 IUD.
894 221 978 256 XIII
1006 225 1069 256 3135
1093 244 1098 245 ν
1118 225 1179 257 371
1207 224 1334 261 (UNA)
1705 222 1785 257 ‘319

134 339 309 396 Γρυπὸς
348 334 623 394 ἀποθνήσκει
663 332 746 377 ἶππὸ
775 331 1072 389 ιΗρακλείονος
1110 334 1469 389 ἐπιβουλευθείς,
1509 332 1677 387 βιώσας
1707 334 1786 386 μὲν

131 409 204 464 ἔτη
235 405 559 461 τεσσαράκοντα
589 406 659 446 καὶ
692 405 835 453 πέντε,
866 403 1134 456 βασιλεύσας
1166 402 1208 444 δὲ
1244 402 1366 443 ἐννέα
1395 403 1465 443 καὶ
1490 400 1642 442 εἴκοσι.
1689 401 1785 442 δια-

133 474 366 529 δεξάμενος
403 472 449 514 δὲ
485 470 563 528 τὴν
601 471 834 524 βασιλείαν
874 465 1006 511 (tl-zm?
1037 468 1058 511 ὁ
1092 479 1200 519 ,ταῖς
1231 471 1440 519 Σέλευκος
1471 467 1677 521 εἰίὀλέμει
1709 468 1788 520 μὲν

131 545 193 599 τῷ
223 545 300 585 τοῦ
333 538 501 594 πατρὸς
523 535 701 595 ἀδελφῇ
722 532 946 592 Ἀντιόχῳ,
979 537 1028 587 ὂς
1051 537 1305 580 εἰιῑεκαλεῑτο
1328 531 1577 594 Κυζικηνός,
1611 535 1788 592 νικήσας

151 606 172 622 ·’
238 605 298 620 >¹
426 609 433 621 *
579 604 587 616 ³
670 602 757 631 ’,Α
1074 602 1082 616 ’
1154 602 1317 616 ’
1383 605 1403 618 w
1501 606 1516 612 ·
1591 602 1707 631 ,7-.,
1770 605 1788 612 -

81 620 100 651 5
131 611 154 653 ὁ
200 626 330 652 αυτον
365 624 434 650 και
474 608 619 660 λαβων
659 620 926 647 απεκτεινεν.
985 622 1066 659 μετ
1118 622 1166 646 ου
1209 612 1321 647 ,ιολυ
1363 605 1407 646 ὸε
1440 621 1516 646 του
1550 607 1787 660 Κυςικηνου

62 957 99 990 10

65 1296 101 1328 15

131 687 239 728 παῖς
268 674 500 728 Ἀντίοχος,
532 670 553 716 ὁ
593 669 783 728 Εὐσεβὴς
818 672 1101 726 καλούμενος,
1144 674 1472 730 παραγενηθεὶς
1510 671 1573 721 εἰς
1601 667 1788 725 Ἄραδον

128 749 202 790 καὶ
232 745 525 800 περιθέμενος
556 740 749 796 διάδημα
788 742 975 794 πολεμεῖ
1004 742 1067 795 τῷ
1097 740 1306 796 Σελεύκῳ,
1342 741 1412 782 καὶ
1445 738 1663 795 κρατήσας
1694 737 1790 795 ἐξη-

131 816 261 857 λασεν
293 807 423 854 αὐτὸν
465 808 508 852 ἐκ
547 808 696 866 πάσης
729 810 806 865 τῆς
837 811 1011 863 Συρίας.
1071 805 1093 849 ὁ
1128 808 1174 850 δὲ·
1206 807 1354 864 φυγὼν
1387 807 1449 858 εἰς
1481 808 1685 850 Κιλικίαν
1715 808 1787 848 καὶ

128 880 358 938 γενόμενος
396 877 440 920 ἓν
471 879 523 934 τῇ
561 876 728 931 Μόψου
768 875 894 932 ἑστίᾳ
924 875 1062 918 πάλιν
1094 873 1253 925 αὐτούς
1285 874 1544 929 εἰσέπραττε
1571 874 1787 930 χρήματα.

127 946 150 991 ὅ
184 948 230 991 δὲ
259 949 345 990 τῶν
377 947 662 1001 ΙΙΙοψεστέων
694 944 830 999 δῆμος
861 939 1164 1000 ἀγανακτήσας
1194 942 1372 1000 ὑφῆψεν
1403 939 1537 985 αὐτοῦ
1567 941 1623 985 τὰ
1657 946 1788 996 βασί-

129 1017 226 1058 λεια
264 1015 336 1057 καὶ
379 1013 636 1070 διέφθειρεν
677 1008 809 1054 αὐτὸν
847 1010 958 1066 μετὰ
997 1013 1085 1054 τιῦν
1124 1011 1281 1068 φίλων.
1349 1007 1573 1064 Ἀντιόχου
1619 1010 1665 1052 δὲ
1709 1012 1788 1052 τοῦ

128 1082 370 1140 Κυζικηνοῦ
409 1079 574 1130 παιδὸς
610 1079 923 1134 βασιλεύοντος
958 1082 1036 1136 τῆς
1075 1082 1237 1134 Συρίας
1278 1074 1489 1132 Ἀντίοχος
1527 1075 1548 1120 ὁ
1582 1077 1791 1120 Σελεύκου

131 1146 328 1207 ἀδελφὸς
359 1149 532 1207 ἐκφέρει
563 1148 760 1202 πόλεμον
792 1146 905 1202 πρὸς
937 1146 1069 1191 αι’-τὸν
1090 1148 1161 1190 καὶ
1190 1148 1388 1204 νικηθεὶς
1410 1143 1659 1189 ἀπόλλυται
1680 1144 1791 1200 μετὰ

129 1220 208 1274 τῆς
238 1219 460 1273 στρατιᾶς.
519 1215 630 1271 μετὰ
663 1212 705 1259 δ’
734 1212 866 1259 αυτὸν
907 1213 928 1258 ὁ
963 1211 1157 1272 ἀδελφὸς
1194 1210 1327 1258 αὐτοῦ
1362 1216 1596 1263 Φίλιππος
1631 1212 1791 1256 ἐπιθέ-

132 1302 262 1340 μενος
293 1285 487 1343 διάδημα
517 1287 675 1340 μέρους
714 1283 834 1334 τινὸς
862 1285 939 1339 τῆς
960 1287 1123 1338 Συρίας
1154 1282 1448 1337 ἐβασίλευσεν.
1508 1283 1790 1335 Πτολεμαῖος

130 1353 178 1396 δὲ
209 1351 503 1408 ὁΛάθουρος
533 1351 610 1395 τὸν
640 1355 788 1408 τρίτον
825 1347 967 1393 αὐτῶν
989 1347 1184 1407 ἀδελφὸν
1205 1350 1461 1408 Δημήτριον
1491 1348 1568 1392 τὸν
1588 1346 1792 1404 Ἄκαιρον

130 1420 362 1477 λεγόμενον
393 1420 437 1463 ἔκ
458 1420 623 1463 Κνίδου
653 1418 1061 1474 μεταπεμψάμενος
1090 1421 1352 1475 κατέστησεν
1383 1416 1426 1460 ἐν
1446 1419 1676 1472 Δαμασκῷ
1709 1420 1792 1471 βα-

131 1490 270 1532 σιλέα.
335 1488 510 1539 τούτοις
555 1488 602 1530 δὲ
639 1496 733 1539 τοῖς
779 1488 903 1529 δυσὶν
944 1482 1156 1544 ἀδελφοῖς
1200 1487 1418 1541 καρτερῶς
1464 1483 1791 1538 ἀνθιστάμενος

130 1552 352 1610 Ἀντίοχος
383 1559 548 1610 ταχέως
579 1551 829 1598 ἀπέθανεν·
859 1555 1063 1611 Λαοδίκῃ
1095 1553 1177 1610 γὰρ
1210 1553 1356 1596 ἐλθών
1379 1552 1603 1607 σύμμαχος
1633 1554 1686 1608 τῇ
1707 1553 1791 1593 τῶν

131 1626 345 1681 Σαμηνῶν
374 1624 612 1680 βασιλίσσῃ
635 1622 853 1678 Πάρθους
883 1621 1137 1678 πολεμούσῃ
1169 1618 1414 1676 μαχόμενος
1446 1617 1658 1676 ἀνδρείως
1688 1619 1792 1662 ἕπε-

131 1706 218 1734 σεν.
277 1690 355 1749 τὴν
394 1691 441 1734 δὲ
471 1695 635 1745 Συρίαν
674 1691 716 1733 οἱ
755 1690 832 1733 δύο
870 1699 1068 1743 κατεῖχον
1101 1685 1286 1746 ἀδελφοὶ
1317 1688 1571 1746 Δημήτριος
1601 1688 1675 1730 καὶ
1709 1691 1793 1730 Φί-

131 1760 313 1811 λιππος,
345 1757 498 1809 καθώς
529 1757 573 1801 ἐν
605 1754 755 1809 ἄλλοις
787 1757 1044 1815 δεδήλωται.

241 1859 443 1895 PFLAMV
448 1859 525 1894 WE
533 1859 603 1893 Lat

246 1919 262 1952 1
288 1913 439 1963 γρυπὸσ
462 1915 625 1962 (γρύπασ
642 1915 702 1958 W)
726 1913 943 1960 ἐπικληθεὶσ
966 1916 1011 1948 tr.
1028 1912 1283 1948 FLAMVWE
1379 1911 1693 1959 *ἐπιβουλευθεὶσ
1717 1906 1792 1947 ὑπὸ

129 1971 375 2020 ἡρακλέωνοσ
398 1976 443 2008 tr.
468 1972 624 2007 LAMW
692 1968 982 2018 *Ἡρακλέωνος]
1008 1970 1210 2005 heracliani
1232 1969 1304 2004 Lat
1373 1972 1392 2004 2
1418 1971 1510 2005 *καὶ
1534 1979 1602 2004 om.
1627 1968 1657 2002 F
1729 1962 1794 2002 *δ’

130 2028 317 2064 LAMVW
387 2031 406 2063 3
432 2024 452 2065 ὃ
471 2034 565 2064 παῖσ
582 2024 699 2064 αὐτοῦ
714 2033 758 2063 tr.
776 2027 1032 2063 FLAMVWE
1101 2024 1287 2072 *ἐπολέμη
1303 2026 1351 2061 W
1420 2028 1441 2060 4
1465 2022 1625 2071 πατρὸς]
1643 2021 1796 2070 πατρὸσ

132 2080 250 2122 αὐτοῦ
272 2085 304 2120 Ε
376 2089 395 2120 5
413 2085 451 2122 δὲ
468 2085 500 2119 Ε
571 2087 590 2119 6
615 2088 714 2127 παῖς]
740 2090 834 2120 παῖσ
850 2096 909 2120 τισ
925 2084 954 2118 Ρ
1023 2080 1222 2129 Ἀντίοχος]
1248 2082 1398 2118 Hudson
1422 2082 1630 2118 auctoribus
1646 2081 1795 2116 Petauio

131 2166 168 2200 et
190 2164 404 2209 Spanhemio
429 2159 614 2209 ἄντίοχοσ
637 2165 701 2199 καὶ
725 2159 908 2209 ἄντίοχοσ
932 2163 960 2197 Ρ
991 2160 1177 2208 α’ντίοχοσ
1200 2164 1263 2198 καὶ
1293 2157 1506 2199 ἅντωνῖνοσ
1537 2139 1742 2203 (α’ντωνίονσ
1764 2160 1794 2194 L

133 2218 325 2258 οἷντώνιοσ
347 2220 427 2262 FE)
450 2219 705 2255 FLAMVWE
715 2219 786 2254 Lat
876 2221 1153 2266 παραγενηθεὶς
1177 2238 1220 2243 —
1247 2222 1263 2252 Τ
1282 2215 1472 2264 ἐξήλασεν]
1498 2217 1649 2251 Hudson
1675 2229 1795 2264 παρα-

132 2277 358 2325 γενηθέντεσ
390 2276 447 2313 εἰσ
478 2274 624 2323 ἄραδον
653 2273 812 2323 (α’ροδον
843 2276 981 2319 WLat)
1013 2277 1077 2311 καὶ
1107 2274 1350 2321 περιθέμενοι
1382 2271 1537 2320 διάδημα
1575 2269 1795 2317 (διαδήματα

131 2333 364 2377 FLAMVW)
388 2336 596 2378 πολεμοῦσι
620 2335 676 2368 τεῦ
699 2329 863 2369 σελεύκω
887 2334 951 2368 καὶ
973 2329 1238 2378 κρατήσαντεσ
1261 2325 1445 2377 ἐξήλασαν
1469 2330 1570 2365 codd.
1596 2329 1707 2364 ELat

132 2393 154 2426 8
178 2389 219 2434 ἐξ
240 2384 394 2437 ἁπάσησ
417 2389 639 2424 FLAMVW
707 2391 771 2434 τῆς
795 2399 861 2423 om.
886 2388 918 2423 V
989 2391 1008 2423 9
1033 2386 1214 2435 *μόμψου
1236 2387 1269 2422 V
1337 2387 1656 2432 *mompsuestiam
1680 2386 1752 2421 Lat

135 2446 362 2494 εἰσέπρασσε
385 2446 417 2480 Ε
505 2450 543 2481 10
571 2444 825 2492 Μοψεστέων]
849 2445 1100 2490 μοψεσταίων
1122 2444 1151 2478 F
1175 2443 1450 2490 μοψουεστέων
1474 2442 1506 2484 (έ
1522 2452 1566 2477 ex
1583 2443 1624 2478 αἰ
1641 2453 1733 2478 corr.
1750 2444 1796 2485 A)

133 2502 289 2538 LAMW
303 2502 593 2549 μοψουεστιέων
606 2502 637 2537 V
653 2499 787 2548 μόψου
803 2499 957 2538 ἑστιέων
973 2501 1004 2535 Ε
1021 2500 1212 2547 (populus)
1229 2504 1535 2545 mompsuestenus
1551 2499 1622 2533 Lat
1637 2501 1795 2546 Μοψεα-

135 2561 212 2595 τῶν
229 2560 319 2602 coni,
337 2559 382 2595 cf.
401 2558 523 2603 Steph.
542 2559 626 2604 Byz.
645 2569 674 2593 s.
694 2555 841 2603 Μόψου
857 2555 964 2593 ἑστία
1037 2559 1077 2592 12
1095 2553 1230 2598 παιδὸς
1246 2566 1314 2590 om.
1329 2555 1391 2590 PE
1402 2555 1472 2590 Lat
1543 2558 1582 2590 13
1599 2557 1798 2602 *κινηθεὶσ

135 2614 182 2649 W
254 2618 297 2650 14
318 2617 552 2662 *στρατειᾶσ
574 2615 605 2648 L
698 2614 736 2650 δὲ
759 2613 790 2648 Ε
886 2616 926 2648 16
951 2608 1001 2648 *ὃ
1027 2609 1223 2660 λαθούρου
1246 2612 1274 2646 Ρ
1299 2611 1466 2658 lallzyrus
1489 2611 1560 2646 Lat
1651 2614 1796 2660 τρίτον]

137 2670 320 2718 τέταρτον
343 2670 596 2706 FLAMVWE
605 2670 675 2705 Lat
744 2664 910 2711 *αύτιῦν]
937 2665 1053 2706 αὐτοῦ
1069 2669 1101 2704 V
1171 2665 1371 2715 *ἄκαιροή
1389 2678 1518 2703 aceras
1532 2668 1606 2704 Lat
1621 2666 1798 2717 εὔκαιρον

138 2727 193 2762 ed.
210 2737 281 2772 pr.;
306 2725 495 2775 Εὔκαιρος
519 2726 556 2761 in
571 2726 790 2770 argumentis
874 2729 913 2760 17
940 2723 996 2767 ἐκ]
1020 2723 1040 2761 ε’
1062 2724 1123 2760 PL
1193 2724 1464 2770 *κατέστησεν,
1488 2725 1556 2760 ατέ
1578 2724 1601 2758 i.
1626 2734 1694 2760 ras.
1711 2725 1753 2760 M

142 2785 183 2818 18
208 2778 495 2829 ἀνθισταμένων
510 2783 540 2817 L
559 2778 929 2826 οἷντικαθιστάμενοσ
944 2781 975 2815 Ε
1048 2784 1088 2816 19
1106 2776 1276 2817 ἀπέθανε
1292 2780 1322 2814 F
1341 2776 1493 2817 ἅπέθαν
1508 2780 1541 2814 V
1612 2781 1795 2826 Λαοδίκῃ]

139 2836 182 2875 ἐν
205 2840 358 2886 λαοδίκη
381 2839 460 2874 LW
485 2837 526 2876 ἐν
549 2839 738 2875 λαοδικεία
763 2837 948 2880 FAMVE,
973 2837 996 2872 i.
1013 2847 1123 2881 marg.
1148 2835 1190 2873 ἐν
1213 2838 1366 2882 λαοδίκη
1389 2850 1436 2883 γρ
1452 2836 1486 2870 Α
1509 2850 1556 2884 γρ
1580 2837 1736 2883 λαοδίκη
1758 2836 1799 2872 Μ

143 2893 318 2930 laudiciae
340 2895 412 2931 Lat
480 2898 520 2930 20
548 2898 749 2941 Σαμηνῶν]
773 2891 959 2940 γαλιήνων
974 2893 1054 2928 LW
1078 2895 1265 2939 γαλιηνῶν
1280 2892 1386 2927 ΑΜΕ
1410 2893 1616 2938 γαλιλαίων
1631 2893 1661 2927 F
1685 2895 1798 2940 γαλα-

142 2952 287 2997 αδηνιῦν
308 2951 341 2986 V
363 2952 590 2997 qaminorum
607 2952 679 2987 Lat
701 2953 921 2998 γαλαδηνιῦν
944 2950 999 2985 ed.
1017 2960 1090 2994 pr.;
1116 2949 1161 2984 cf.
1180 2948 1302 2994 Steph.
1319 2949 1404 2993 Byz.
1425 2950 1598 2995 Σαμηνοί
1621 2946 1799 2993 νομάδων

142 3001 323 3055 Ἀραβίων
346 3003 458 3050 ἔθνος
547 3008 782 3053 *πολεμοῦσι
805 3006 838 3042 V
916 3008 956 3041 21
982 3005 1170 3051 κατέσχον
1193 3005 1225 3039 Ε
1295 3007 1337 3039 22
1362 3002 1621 3052 δεδηλώκαμεν
1642 3004 1798 3040 LAMW

1820 406 1899 442 :sz

1821 608 1898 646 :307

1822 809 1900 851 368

1821 1014 1900 1054 369

1822 1281 1902 1321 370

1824 1485 1899 1524 371
