2029 3392
642 202 801 249 ANTIQ.
830 202 925 239 IUD.
951 203 1019 238 XII
1049 208 1130 239 1-·1
1156 208 1239 246 (1.1)
1722 213 1772 249 722

228 319 259 362 Ῑ.
297 324 330 362 1.
359 314 643 371 Ἀλέξανδρος
672 316 752 371 μὲν
785 306 859 358 οὖν
889 313 912 358 ὁ
938 319 1025 359 τιῦν
1053 318 1320 361 ΤΙΙακιδόνιιιν
1348 319 1558 373 βασιλεῖ’-ς
1588 327 1772 367 καταλί-

115 400 195 437 σας
225 385 302 442 τὴν
333 386 517 441 ΙΙερσιῦν
548 380 784 440 ἡγεμονίαν
822 386 892 426 καὶ
933 384 987 426 τὰ
1020 385 1130 427 κατα
1161 386 1238 441 τῂν
1267 384 1481 430 Ἰουδαίαν
1511 388 1588 431 τὸν
1620 408 1771 444 προει-

116 456 300 511 ρημένον
338 451 721 509 καταστησάμενος
750 451 920 504 τρόπον
950 454 1130 510 τελευτᾷ
1159 453 1236 496 τὸν
1269 458 1382 508 βίον.
1438 459 1773 517 μεταπεσούσης

115 517 158 563 δ’
195 520 257 572 εἰς
295 519 487 569 πολλοὺς
526 520 603 576 τῆς
643 515 775 575 ἀρχῆς
810 515 1060 575 Ἀντίγονος
1105 522 1183 575 μὲν
1228 525 1304 579 τῆς
1339 519 1494 573 Ἀσίας
1535 523 1774 580 ἐπικρατεῖ,

62 598 82 631 5
113 591 320 640 Σέλευκος
358 588 405 631 δὲ
443 588 707 641 Βαβυλῶνος
746 589 817 630 καὶ
857 589 946 630 τῶν
975 591 1096 631 κεῖθι
1129 588 1286 641 ἐθνῶν,
1328 591 1593 645 Λυσίμαχός
1622 610 1669 636 τε
1699 594 1774 637 τὸν

109 655 424 715 Ἑλλήσποντον
446 656 630 706 διεῖπεν,
661 654 739 711 τὴν
761 655 807 697 δὲ
832 655 1116 698 Μακεδονίαν
1146 654 1255 710 εἶχεν
1280 658 1580 714 Κάσσανδρος,
1604 663 1773 705 Πτολε-

109 733 242 778 μαῖος
272 723 318 767 δὲ
349 721 371 767 ὁ
404 722 564 779 Λάγου
604 722 683 780 τὴν
713 723 951 779 Αἴγυπτον
983 723 1169 780 εἰλήφει.
1231 726 1558 778 στασιαζόντων
1594 729 1641 770 δὲ·
1671 728 1772 772 τού-

109 809 196 836 των
241 794 315 835 καὶ
362 791 477 847 πρὸς
523 787 738 848 ἀλλήλους
783 793 1167 848 φιλοτιμουμένων
1209 789 1316 849 ὑπὲρ
1360 796 1433 852 της
1481 795 1597 845 ἰδίας
1642 792 1774 853 ἀρχῆς

109 860 331 915 πολέμους
352 876 400 903 τε
421 868 612 913 συνεχεῖς
632 862 702 902 καὶ
737 859 929 914 μακροῖς
960 863 1115 917 συνέβη
1143 864 1373 917 γίγνεσθαι
1406 864 1476 904 καὶ
1507 862 1588 914 τάς
1619 865 1773 915 πόλεις

42 937 80 972 10
106 931 383 972 κακοπαθεῖν
413 931 486 972 καὶ
519 928 712 979 πολλοὺς
734 927 778 971 ἐν
798 937 893 978 τοῖς
915 924 1078 984 άγιῦσιν
1102 924 1377 982 ἀποβάλλειν
1409 932 1495 972 τῶν
1518 931 1770 987 οἰκητόρων,

107 993 166 1048 ὥς
195 997 268 1040 καὶ
297 995 376 1055 τὴν
408 1000 570 1052 Συρίαν
602 996 783 1039 ἅπασαν
818 993 902 1039 ὗπι)
935 997 1220 1049 Πτολεμαίου
1250 999 1327 1038 τοῦ
1357 997 1515 1052 Λάγου
1546 999 1645 1041 τότε
1676 1004 1771 1041 Σω-

104 1065 237 1120 τῆρος
263 1064 609 1122 χρηματίζοντος
629 1061 843 1107 τάναντία
869 1068 1039 1107 παθεῖν
1063 1060 1196 1106 αὐτοῦ
1217 1067 1270 1121 τῇ
1293 1063 1532 1121 ἐπικλήσει.
1591 1070 1771 1120 κατέσχε
1804 1102 1807 1104 -

106 1131 152 1174 δὲ
193 1127 321 1183 οὗτος
359 1135 431 1176 καὶ
472 1132 527 1175 τὰ
555 1132 835 1188 Ἱεροσόλυμα
867 1132 984 1188 δόλῳ
1015 1134 1085 1175 καὶ
1119 1128 1268 1189 ἀπάτῃ
1298 1133 1590 1189 χρησάμενος·
1624 1134 1771 1177 ἐλθών

104 1199 185 1256 γὰρ
217 1199 460 1255 σαββάτοις
491 1200 554 1251 εἰς
583 1200 662 1257 την
694 1200 828 1243 πόλιν
854 1197 914 1250 ὦς
934 1199 1102 1252 θύσων,
1133 1199 1242 1258 μήτε
1272 1203 1358 1242 τῶν
1384 1197 1607 1244 Ἰουδαίων
1639 1200 1771 1245 αι”τόν

38 1275 74 1310 15
104 1264 400 1323 ἀμυνομένων,
433 1266 560 1311 οὐδὲν
590 1267 672 1324 γὰρ
703 1266 920 1311 ὑπενόουν
952 1269 1181 1322 πολέμιον,
1217 1270 1290 1311 καὶ
1323 1268 1397 1311 διὰ
1427 1269 1476 1311 τὸ
1511 1266 1770 1313 ἀνύποπτον

102 1337 172 1379 καὶ
205 1335 283 1392 τὴν
317 1334 477 1394 ἡμέραν
510 1336 554 1380 ἐν
586 1334 718 1394 ἀργίᾳ
745 1338 817 1379 καὶ
841 1337 1043 1394 ῥαθυμίᾳ
1063 1336 1373 1391 τυγχανόντων,
1407 1332 1587 1388 άπόνως
1618 1337 1768 1393 ἐγκρα-

102 1402 180 1460 τὴς
209 1408 404 1460 γίγνεται
434 1407 512 1462 τῆς
543 1404 717 1455 πόλεως
747 1407 818 1448 καὶ
843 1407 1010 1459 πικρῶς
1031 1395 1158 1461 ἦρχεν
1182 1403 1325 1460 αὐτῆς.
1385 1414 1598 1461 μαρτυρεῖ
1627 1406 1673 1448 δὲ
1705 1409 1768 1462 τῷ

103 1471 217 1529 λόγῳ
247 1472 390 1529 τούτῳ
421 1475 494 1516 καὶ
512 1469 841 1530 Ἀγαθαρχίδης
872 1469 894 1515 ὁ
919 1472 1101 1521 Κνίδιος
1130 1469 1151 1514 ὁ
1175 1471 1254 1522 τὰς
1284 1474 1371 1513 τῶν
1403 1472 1620 1526 διαδόχων
1651 1474 1767 1527 πρά-

103 1539 191 1591 ξεις
222 1541 608 1597 συγγραψάμενος,
649 1538 874 1592 ὀνειδίζων
914 1538 1016 1598 ἡμῖν
1058 1540 1410 1594 δεισιδαιμονίαν
1447 1538 1504 1591 ὡς
1536 1538 1595 1583 δι’
1632 1537 1767 1597 αὐτὴν

35 1614 72 1649 20
101 1605 382 1663 ἀποβαλοῦσι
412 1609 491 1668 τὴν
523 1608 793 1664 ἐλευθερίαν,
837 1610 972 1663 λέγων
1003 1603 1162 1658 οἱῗτως·
1202 1608 1350 1659 ,ἔστιν
1382 1607 1515 1659 ἔθνος
1545 1604 1768 1653 Ἰουδαίων

103 1675 347 1732 λεγόμενον,
381 1679 424 1720 οἳ
446 1677 579 1720 πόλιν
600 1672 762 1732 ὀχυρὰν
789 1677 863 1719 καὶ
883 1676 1073 1734 μεγάλην
1105 1676 1273 1730 ἔχοντες
1299 1673 1576 1731 Ἱεροσόλυμα
1606 1677 1766 1734 ταύτην

99 1741 335 1799 ’ὑπερεῖδον
364 1743 451 1788 ὑπὸ
492 1746 757 1801 Πτολεμαίῳ
795 1747 1027 1801 γενομένην
1057 1739 1177 1787 ὅπλα
1217 1745 1366 1799 λαβεῖν
1404 1741 1452 1787 οὗ
1483 1745 1765 1803 θελήσαντες,

103 1807 214 1854 ἀλλὰ
248 1812 323 1856 διὰ
354 1812 433 1870 τὴν
465 1810 648 1867 ἄκαιρον
680 1812 1034 1866 δεισιδαιμονίαν
1061 1811 1257 1865 χαλεπὸν
1289 1809 1531 1867 ὑπέμειναν
1554 1812 1664 1866 ἔχειν
1697 1813 1766 1856 δε-

103 1879 317 1938 σπότην.“
370 1877 700 1938 Ἀγαθαρχίδης
729 1880 808 1934 μὲν
841 1871 916 1923 οὖν
945 1882 1084 1922 ταῦτα
1106 1882 1209 1934 περὶ
1229 1882 1307 1922 τοῦ
1330 1880 1489 1931 ἔθνους
1509 1877 1631 1938 ἡμῶν
1654 1876 1765 1924 άπε-

34 1956 71 1990 25
101 1946 285 2005 φήνατο.
351 1945 373 1991 0‘
418 1949 464 1992 δὲ
504 1949 786 2003 Πτολεμαῖος
825 1946 1019 1998 πολλοὺς
1058 1947 1362 2002 αἰχμαλώτους
1400 1947 1547 2003 λαβών
1587 1943 1677 1991 άπό
1717 1966 1764 1991 τε

210 2070 534 2107 PFLAVWELat
545 2072 703 2108 Zonaras
727 2073 743 2107 I
768 2084 802 2117 p.
829 2075 893 2107 355
921 2072 1021 2107 Cont.
1047 2072 1175 2117 Apion.
1192 2072 1210 2106 I
1235 2075 1311 2107 205.

213 2129 373 2175 φλαυΐου
397 2129 595 2176 (maoz-‘lov
610 2129 641 2163 L
659 2130 827 2176 φλαβιόυ
843 2129 903 2171 W)
929 2126 1100 2174 ἰωσήπου
1116 2127 1317 2174 (Ξωσή-που
1332 2129 1378 2163 Α)
1402 2128 1593 2175 ἶσυδαϊκῆσ
1610 2125 1764 2175 α’ρχιιιο·

99 2187 233 2232 λογίασ
257 2184 377 2233 λόγοσ
402 2189 484 2228 (om.
510 2186 552 2220 L)
579 2183 635 2229 ιβ’
661 2185 890 2227 &mdc-'mewa
914 2185 973 2222 W)
1007 2186 1241 2229 praemittunt
1265 2184 1411 2219 LAWE
1550 2188 1568 2219 2
1594 2182 1672 2231 τὴν]
1699 2183 1764 2231 τὴν

100 2245 176 2279 τῶν
198 2243 231 2278 Ε
338 2247 357 2278 4
383 2244 421 2280 δὲ
444 2242 611 2278 FLAVE
716 2239 918 2284 *πολλοὺς-1
944 2243 1094 2283 πλείους
1121 2242 1201 2276 coni
1310 2241 1529 2289 *ἕπεκράτη
1554 2241 1630 2276 cod.
1656 2241 1719 2276 Nc

101 2303 119 2334 5
143 2302 257 2345 κεῖθι]
283 2299 363 2337 ἐκεῖ
383 2300 481 2334 FLV
506 2298 654 2335 ἐκεῖθεν
680 2298 710 2332 Ε
811 2301 864 2339 τε]
889 2298 928 2335 δὲ
951 2298 1084 2333 FLVE
1183 2302 1202 2332 6
1227 2296 1482 2335 *ελισπόντον
1505 2298 1533 2332 Ρ
1637 2295 1764 2344 *εἶχεν

99 2366 166 2393 om.
193 2356 239 2390 W
308 2354 529 2403 κάσανδροσ
553 2355 683 2389 FLVE
752 2354 996 2399 *πτολεμέοσ
1019 2357 1050 2388 A
1069 2354 1303 2400 plolomaeus
1327 2364 1465 2399 semper
1488 2354 1558 2388 Lat
1628 2358 1645 2388 7
1672 2356 1762 2390 *λα-

98 2415 168 2459 γοῦ
190 2412 251 2448 PF
368 2412 570 2459 αἰγυπτιάν
593 2411 626 2446 Ε
740 2411 761 2445 i.
780 2421 890 2455 marg.
910 2408 950 2446 α’
975 2411 1005 2445 L
1122 2414 1140 2446 S
1166 2409 1293 2456 *πρὸσ
1318 2409 1459 2447 emove
1482 2410 1509 2444 Ρ
1625 2410 1763 2452 *latam

99 2481 148 2505 ασ
170 2479 199 2504 s.
217 2480 263 2504 m.
284 2472 302 2504 2
319 2469 350 2504 L
443 2471 463 2503 9
489 2468 685 2515 συνέβαινε
710 2467 806 2502 FVE
913 2468 1086 2513 γίνεσθαι
1110 2467 1242 2502 FLVE
1339 2471 1377 2502 10
1403 2464 1615 2513 άποβαλεῖν
1639 2466 1671 2500 Ε

100 2525 320 2573 οἰκητηρίων
343 2526 374 2560 E
470 2528 506 2560 11
535 2526 683 2570 *λαγοῦ
707 2523 736 2558 Ρ
841 2526 1018 2570 σωτῆροσ
1039 2521 1198 2574 τότειΐτ.
1224 2523 1354 2558 FLVE
1446 2524 1668 2568 *Σωτῆρος]
1695 2525 1763 2558 τοῦ

100 2583 282 2629 Σωτῆρος
305 2583 387 2617 coni
506 2584 546 2615 12
571 2578 646 2617 *τὰ
672 2578 824 2617 ἐναντία
851 2579 946 2615 FLV
1061 2581 1266 2626 *κατέσχε-
1291 2581 1322 2613 Α
1439 2581 1479 2614 13
1502 2581 1566 2615 καὶ
1591 2588 1659 2613 om.
1685 2579 1716 2613 E

99 2633 172 2674 *τὰ
198 2647 268 2673 om.
292 2637 389 2673 FLV
460 2635 749 2684 *ῖεροσολῦμων
772 2637 835 2671 FL
919 2634 1054 2679 ἐλθών]
1081 2635 1263 2674 εἰσελθὼν
1287 2636 1466 2671 FLVWE
1552 2639 1591 2669 14
1616 2633 1762 2682 σαββά-

98 2704 192 2735 τοισ,
215 2697 269 2740 ββ
292 2696 328 2730 et
343 2707 428 2730 τοισ
451 2695 473 2729 i.
492 2704 564 2729 ras.
582 2694 614 2728 E
640 2690 825 2740 σαββάτω
843 2693 920 2727 Zon
968 2689 1096 2734 αὐτὸν]
1115 2689 1240 2729 αὐτῶν
1256 2693 1336 2727 L¹E
1410 2696 1450 2726 15
1476 2687 1586 2728 *οὐδὲ
1604 2691 1715 2726 FVW

103 2750 142 2783 16
164 2751 325 2796 *αργεια
349 2750 378 2784 Ρ
451 2754 490 2786 17
515 2751 661 2797 γίνεται
684 2749 815 2784 FLVE
909 2743 1032 2794 ἦρχεν]
1056 2743 1149 2795 ἦρχε
1173 2744 1209 2784 δ’
1225 2748 1255 2782 F
1281 2743 1390 2795 ἧρξεν
1412 2747 1478 2782 VE
1550 2751 1591 2783 18
1616 2752 1759 2795 γαθαρ-

98 2804 204 2850 χίὸησ
219 2804 249 2839 F
267 2801 522 2853 οἷγαδαρχίδησ
537 2807 568 2841 L
646 2809 734 2847 τῶν]
753 2817 779 2841 s.
798 2805 829 2839 L
847 2815 916 2840 om.
934 2805 979 2838 W
1045 2807 1086 2839 19
1104 2806 1374 2849 δισιδαιμονιάν
1391 2804 1419 2838 Ρ
1490 2799 1616 2850 αὐτὴν]
1635 2799 1760 2840 αὐτῶν

99 2857 129 2892 F
199 2862 241 2895 20
265 2861 540 2905 Agatharchidis
556 2863 656 2898 locus
673 2862 818 2897 uberius
836 2865 1025 2906 excerptus
1043 2865 1140 2896 extat
1157 2864 1251 2896 cont.
1274 2862 1402 2905 Apion.
1420 2861 1437 2894 I
1455 2863 1518 2895 205
1591 2863 1632 2895 22
1649 2857 1759 2906 ὓπερ·

98 2912 180 2951 ἰ”δον
201 2915 230 2950 Ρ
253 2913 346 2964 ὑπὲρ
372 2919 460 2955 ίδων
483 2919 531 2953 L¹
555 2922 746 2966 περιεῖδον
771 2918 852 2954 coni
945 2918 1180 2962 πτολεμαιόυ
1204 2917 1232 2951 L
1258 2918 1499 2962 πτολεμαίων
1515 2916 1563 2950 W
1654 2929 1758 2963 γενο-

98 2970 223 3016 μένην]
248 2965 435 3021 ἀγομένην
459 2975 572 3008 LAW

1806 466 1827 504 h'u*

1805 738 1827 773 3
