2107 3377
285 172 366 210 306
709 169 872 214 ANTIQ.
896 168 994 204 IUD.
1018 168 1104 204 XIV
1127 170 1307 204 361-366
1330 170 1532 212 (x111.9.10)

284 287 356 329 καὶ
386 283 549 342 βουλὴν
588 284 691 339 περὶ
722 285 811 325 τῶν
841 277 956 325 ὅλων
987 272 1086 337 ἦγε,
1124 286 1170 326 τί
1202 280 1282 337 χρὴ
1314 290 1485 333 ποιεῖν,
1526 282 1697 324 πολλοῦ
1727 281 1806 335 μὲν
1836 281 1953 339 πλή-

284 357 399 404 θους
438 351 714 407 ἐπαγομένου
752 352 826 393 καὶ
867 350 967 403 δίχα
1004 366 1092 392 των
1130 348 1536 406 μισθοφορούντων
1576 343 1748 401 αυτοῖς,
1787 350 1867 391 τοῦ
1905 349 1954 393 δὲ

280 424 446 476 χωρίου
477 421 554 474 τῆς
584 417 830 468 Μεσάδας,
872 416 936 467 εἷς
966 416 989 460 ὃ
1021 417 1259 473 προύκειτο
1291 425 1533 474 συμφυγεῖν
1565 415 1798 466 ελάττονος
1828 432 1955 467 οντος

173 495 253 535 362
285 486 601 538 ὑποδέξασθαι
630 488 842 529 τοσοῦτον
874 482 1016 540 όχλον.
1065 484 1168 536 wig
1188 485 1267 539 μὲν
1289 483 1365 528 οἰν
1387 485 1569 534 πλείους
1591 479 1812 526 ἀπέλυσεν
1841 480 1956 540 ὑπὲρ

287 555 410 598 ἐννέα
445 554 653 608 χιλιάδας
692 569 824 604 οντας
862 550 996 597 ἄλλον
1034 549 1200 610 ἀλλαχῆ
1240 552 1447 602 κελεύσας
1489 549 1563 594 διὰ
1600 553 1679 607 τῆς
1708 546 1959 630 Ἰδουμαίας
1985 560 2030 594 5.

287 623 441 676 σώζειν
476 637 656 674 αυτους,
690 619 794 671 δους
825 619 1008 678 εφόδια·
1049 616 1149 664 όσοι
1181 616 1222 663 6'
1253 619 1366 677 ἦσαν
1395 635 1558 676 nou-(poc
1586 619 1660 661 καὶ
1690 635 1794 669 τους
1825 614 1958 675 ἀναγ-

286 690 548 740 καιοτάτοις
587 685 821 744 ἀναλαβών
865 688 929 740 εἷς
966 688 1016 732 τὸ
1058 689 1197 745 ε’ρυμα
1226 691 1522 744 παραγίνεται
1551 687 1625 729 καὶ
1655 689 1960 740 καταθέμενος

289 755 453 802 αὐτόθι
482 757 563 808 τάς
593 774 641 800 τε
669 765 876 813 γυναῖκας
896 758 969 800 καὶ
991 755 1094 808 τοὺς
1117 755 1373 810 ἑπομένους,
1405 744 1517 810 ἦσαν
1541 753 1587 796 δὲ
1609 751 1668 804 (ὃς
1691 752 1958 806 ὀκτακόσιοι,

288 830 412 869 σίτου
442 841 491 868 τε
521 821 650 875 ὄντος
681 824 725 868 ἐν
757 827 821 881 τῷ
847 828 998 881 χωρίῳ
1029 825 1103 867 καὶ
1134 818 1296 873 ῧδατος
1322 823 1504 865 καὶτῶν
1528 818 1672 864 ἄλλων
1695 819 1960 878 ἐπιτηδείων

289 891 500 936 ἁπάντων
542 892 838 949 διαρκούντως
885 888 1034 942 αὐτοῖς
1075 891 1327 948 ἐξώρμησεν
1375 885 1506 939 αυτὸς
1546 888 1622 932 ἐπὶ
1662 891 1842 943 Πέτρας
1884 889 1963 945 τῆς
1990 898 2028 935 1⁰

175 969 254 1010 363
284 958 510 1018 Ἀραβίας.
577 956 668 1016 άμα
708 956 750 1003 δ’
785 957 928 1017 ἡμέρα
966 958 1021 1002 τὰ
1061 959 1140 1014 μὲν
1183 955 1295 1000 ἄλλα
1335 957 1485 999 πάντα
1523 959 1611 999 τιῦν
1647 953 1962 1011 Ἱεροσολύμων

290 1029 534 1087 διήρπαζον
565 1046 608 1072 οι
638 1028 827 1107 Πάρθοι
865 1029 940 1070 καὶ
970 1026 1018 1069 τὸ
1051 1027 1299 1081 βασίλειον,
1341 1022 1488 1079 μόνων
1521 1024 1568 1066 δὲ
1600 1020 1840 1077 ἀπείχοντο
1871 1025 1961 1067 τῶν

176 1106 258 1147 364
284 1095 489 1151 Ῡρκανοῦ
524 1096 781 1154 χρημάτων·
820 1093 876 1137 τὰ
917 1089 958 1135 δ
985 1083 1038 1149 ἦν
1080 1090 1139 1142 ὡς
1176 1092 1412 1148 τριακόσια
1453 1091 1664 1134 τάλ.αντα
1725 1090 1874 1134 πολλὰ
1915 1090 1963 1134 δὲ

288 1168 376 1208 τῶν
402 1163 600 1219 Ἡρώδου
633 1164 837 1220 διέφυγεν
867 1162 941 1203 Aa}
972 1156 1164 1215 μάλισθ
1191 1155 1276 1204 όσα
1312 1161 1679 1215 προκομισθῆναι
1707 1157 1819 1202 κατὰ
1849 1175 1963 1215 προ-

289 1232 485 1289 μήθειαν
524 1227 712 1286 τάνδρὸς
752 1230 814 1280 εἰς
854 1228 934 1287 τὴν
964 1224 1217 1283 Ιδουμαίαν
1257 1227 1465 1285 ἐφθάκει.
1525 1226 1580 1269 τὰ
1619 1226 1699 1281 μὲν
1739 1217 1815 1270 οὖν
1851 1225 1963 1269 κατὰ

290 1299 412 1358 τὴν]
399 1299 533 1342 πόλιν
565 1315 641 1342 ουκ
673 1294 896 1355 ἀπέχρησε
925 1305 1020 1347 τοῖς
1050 1296 1276 1353 Πάρθοις,
1310 1291 1422 1338 ἀλλὰ
1453 1296 1527 1338 καὶ
1554 1294 1632 1350 τὴν
1649 1294 1796 1350 χώραν
1819 1290 1964 1337 αὗτων

292 1366 482 1418 ἐξιόιτες
513 1366 694 1409 ἐκάκουν
723 1368 796 1409 καὶ
829 1364 1046 1420 Μάρισάν
1077 1380 1126 1407 τε
1156 1363 1290 1407 πόλιν
1323 1361 1510 1419 δυνατὴν
1543 1357 1802 1421 ἀνέστησαν.

179 1446 259 1487 365
409 1439 473 1478 10.
506 1436 594 1477 Καὶ
616 1429 867 1490 Ἀντίγονος
896 1433 975 1487 μὲν
1008 1428 1146 1482 οὕτως
1175 1432 1415 1485 καταχθεὶς
1447 1429 1510 1480 εἷς
1530 1429 1609 1488 τὴν
1624 1425 1843 1474 Ἰουδαίαν
1872 1427 1962 1473 ὑπὸ

289 1505 368 1546 τοῦ
390 1502 596 1559 Πάρθων
626 1501 847 1556 βασιλέως
863 1498 1069 1556 Υρκανὸν
1098 1501 1172 1543 καὶ
1199 1499 1439 1556 Φασάηλον
1463 1493 1691 1553 δεσμώτας
1725 1499 1964 1554 παραλαμ-

290 1570 431 1627 βάνει.
483 1569 660 1627 σφόδρα
683 1565 725 1611 δ’
750 1567 803 1625 ἠν
826 1565 1002 1623 ἄθυμος
1032 1570 1120 1611 τῶν
1141 1569 1356 1624 γυναικῶν
1389 1561 1523 1609 αυτὸν
1555 1565 1879 1623 διαφιγουσῶν,
1912 1563 1966 1616 ἃς

291 1647 387 1689 τοῖς
416 1638 653 1692 πολεμίοις
684 1636 944 1691 ενεθυμεῖτο
978 1635 1149 1687 δώσειν,
1181 1637 1337 1678 τοῦτον
1370 1632 1520 1684 αὐτοῖς
1549 1633 1627 1676 τὸν
1652 1632 1823 1688 μισθὸν
1852 1631 1964 1688 μετὰ

181 1715 261 1757 366
293 1709 380 1750 τῶν
416 1705 653 1763 χρημάτων
691 1701 1010 1759 ὑποσχόμενος.
1072 1702 1348 1761 φοβούμενος
1379 1702 1426 1744 δὲ
1456 1701 1534 1745 τὸν
1560 1699 1782 1757 Ὑρκανόν,
1821 1699 1881 1759 μὴ
1911 1700 1962 1744 τὸ

406 1843 427 1887 ξ
452 1843 517 1876 361
543 1857 587 1868 =
612 1840 692 1875 bell.
716 1839 796 1874 Iud.
821 1838 839 1873 Ι
864 1840 942 1873 266.

407 1975 695 2011 PFLAMVWE
707 1974 779 2009 Lat
792 1973 951 2008 Zonaras
975 1973 990 2007 Ι
1015 1984 1050 2018 p.
1078 1975 1155 2007 412.

412 2037 425 2067 1
463 2026 576 2074 ὅλων]
617 2031 796 2074 πολέμων
828 2030 873 2063 W
1035 2031 1216 2075 *πλῆθοσ
1248 2029 1278 2062 L
1441 2031 1459 2062 2
1489 2026 1743 2074 ἐπαγομένου]
1778 2026 1968 2073 ἑπομένου

296 2090 324 2125 F
327 2089 550 2125 LAMVWE
560 2089 630 2123 Lat
701 2090 720 2122 3
745 2084 922 2132 μασάδασ
947 2085 1169 2120 LAMVWE
1195 2084 1364 2119 massada
1389 2083 1459 2119 Lat
1484 2081 1675 2120 Μοασάδα
1693 2084 1824 2119 Strabo
1846 2095 1883 2129 p.
1903 2086 1968 2120 764

410 2145 462 2188 εἰς
489 2141 523 2187 δ’]
550 2142 630 2182 εἷ’σο
657 2143 684 2178 Ρ
755 2142 958 2188 προέκειτο
985 2142 1016 2176 Ε
1087 2147 1218 2187 (μψεῖν
1243 2141 1274 2175 Ε
1369 2143 1389 2174 4
1414 2142 1651 2182 *πλείστουσ,
1676 2153 1720 2177 στ
1744 2141 1767 2176 i.
1791 2150 1862 2176 ras.
1882 2140 1923 2176 Μ

297 2207 315 2237 5
333 2199 519 2248 *άλλαχῆι
535 2203 566 2236 Α
639 2204 658 2233 G
684 2195 854 2237 *αὐτοὺσ
877 2198 1076 2233 PFLM¹W
1145 2197 1183 2234 δὲ
1209 2197 1240 2231 Ε
1311 2191 1680 2243 *α’ναγκαιωτάτουσ
1703 2197 1732 2232 Ρ
1803 2200 1820 2231 ’ἶ
1847 2210 1968 2244 παρα-

296 2256 428 2306 λαβὼν
450 2258 480 2292 F
485 2257 706 2292 LAMVWE
808 2254 1112 2300 *καταθέμενοςἹ
1137 2254 1404 2298 καθεζόμειόσ
1429 2253 1457 2287 Ρ
1561 2256 1579 2288 S
1605 2255 1697 2289 *καὶ
1722 2249 1812 2296 τοὺς
1835 2251 1969 2298 ἑπομέ-

296 2329 384 2358 νους
407 2326 476 2350 om.
502 2315 573 2349 Lat
641 2308 704 2349 *δ’
730 2311 949 2347 FLAMVW
1023 2315 1062 2345 10
1088 2313 1338 2357 ὁιαρκοῦντοσ
1362 2310 1442 2344 LW
1470 2314 1506 2344 et
1531 2320 1576 2344 ex
1601 2320 1693 2345 corr.
1719 2309 1750 2344 F
1775 2306 1971 2356 διαρκούν-

296 2387 374 2410 των
398 2373 429 2407 Ε
499 2367 670 2414 *αὐτοῖςῙ
697 2363 823 2406 οῧτωσ
847 2368 1013 2408 LAMW,
1043 2378 1111 2402 om.
1133 2367 1196 2401 FV
1267 2364 1502 2412 *ἕξόρμησεν
1526 2367 1555 2400 L
1628 2366 1772 2412 πέτραν
1795 2365 1967 2401 FLMVE

296 2430 369 2470 md)
392 2433 518 2475 petras
541 2427 612 2462 Lat
707 2429 743 2461 11
771 2425 796 2461 i.
811 2434 922 2469 marg.
949 2420 1009 2470 Ay'
1036 2423 1066 2458 L
1160 2423 1198 2460 δὲ
1223 2424 1254 2457 Ε
1347 2422 1644 2469 ἱεροσολυμιτῶν
1668 2422 1923 2458 FLAMVWE

301 2489 339 2520 12
365 2487 458 2520 *καὶ
482 2481 526 2520 τὸ
552 2484 751 2531 βασίλειον
775 2492 842 2517 om.
861 2481 891 2515 L
962 2477 1110 2525 *μόνον
1127 2480 1155 2515 Ρ
1226 2475 1474 2525 *α’πὴρχοντο
1501 2479 1530 2513 L
1605 2482 1644 2515 13
1667 2479 1705 2516 δὲ
1722 2479 1754 2513 Ε
1825 2475 1888 2521 ὡς]
1911 2477 1971 2516 εἰσ

297 2540 631 2598 FLAMVWEIAM
734 2536 948 2585 τριακόσια]
976 2531 1211 2583 ὀγδοήκοντα
1236 2536 1309 2576 PE,
1336 2536 1381 2570 cf.
1408 2536 1488 2570 bell.
1514 2536 1592 2571 lud.
1611 2537 1676 2570 268
1782 2537 1822 2570 14
1846 2537 1972 2582 *7190-

299 2610 411 2655 έᾳυγε
430 2609 467 2643 Μ
493 2598 597 2650 διε-’φἰ»
620 2607 653 2641 V
722 2603 885 2651 μάλιστα
918 2605 1173 2641 FLAMVWE
1275 2604 1582 2649 προκεκομίσθαι
1609 2602 1831 2637 FLAMVW
1865 2614 1971 2647 κομι-

300 2667 438 2712 σθῆναι
462 2665 493 2699 Ε
519 2666 872 2711 προεκκομισθῆναι
897 2663 977 2698 coni
1050 2665 1090 2697 15
1114 2656 1334 2705 Ἰδουμαίαν]
1360 2670 1403 2694 ex
1428 2659 1498 2693 Lat
1526 2663 1561 2693 et
1586 2659 1668 2694 bell.
1695 2658 1774 2693 Iud.
1800 2658 1971 2695 ἰουδαίαν

300 2723 403 2758 codd.
429 2723 460 2756 E
549 2725 589 2756 1ss
614 2719 798 2767 ἐπέχρησε
821 2720 894 2754 AM
992 2723 1028 2754 Π
1055 2715 1235 2762 ἐξιόντεσ.
1259 2715 1278 2753 ἐ
1302 2727 1344 2751 ex
1370 2712 1394 2752 ιέ
1420 2725 1511 2750 corr.
1529 2716 1562 2748 A
1654 2712 1848 2762 μάρισσαν
1871 2715 1904 2750 V
2045 2723 2080 2759 «ι.

302 2783 353 2821 τε]
383 2779 420 2815 ὑὲ
447 2779 527 2814 coni
608 2781 647 2812 18
673 2777 753 2822 μὲν]
778 2776 848 2821 μὲν
874 2769 942 2812 οὖν
965 2776 997 2811 Ε
1078 2769 1177 2812 οὕτω
1200 2774 1315 2810 VWE
1385 2774 1620 2818 *καταχθείη
1645 2772 1677 2806 V
1751 2775 1789 2806 19
1813 2770 1972 2816 faselum
2052 2768 2092 2843 ‘a

301 2841 334 2870 ιῑ
359 2835 559 2881 leyzcanum
584 2834 652 2868 Lat
744 2827 966 2878 *δεσμότασ
989 2833 1020 2867 L
1100 2835 1141 2867 20
1167 2830 1205 2867 δὲ
1229 2830 1261 2864 Ε
1332 2827 1525 2873 *ιι’θι·,μοσ
1552 2832 1578 2864 ,9
1601 2828 1624 2863 i.
1643 2839 1712 2863 ras.
1738 2828 1770 2862 V
1842 2821 1970 2868 αὐτὸν]
2048 2831 2053 2842 ’
2091 2830 2094 2837 ’

303 2887 428 2928 αἰτῶν
444 2891 555 2926 PWE
627 2893 662 2925 21
688 2887 835 2926 τούτων
852 2890 882 2924 Ε
952 2903 1047 2934 μετα
1075 2891 1152 2926 τῶν
1174 2884 1378 2935 χρῃιιάτωι
1403 2883 1473 2921 τὸν
1496 2882 1639 2930 μισθὸι
1655 2890 1699 2920 tr.
1719 2880 1971 2919 FLAMVWE

417 2950 457 2981 22
483 2946 581 2983 *τὸν
599 2944 796 2994 Ὑρκανὸν]
823 2945 867 2982 τὸ
893 2946 941 2980 W
