<?xml version="1.0" encoding="UTF-8"?>
<!DOCTYPE html PUBLIC "-//W3C//DTD XHTML 1.0 Transitional//EN"
    "http://www.w3.org/TR/xhtml1/DTD/xhtml1-transitional.dtd">
<html xmlns="http://www.w3.org/1999/xhtml" xml:lang="en" lang="en">
 <head>
  <title>
</title>
<meta http-equiv="Content-Type" content="text/html;charset=utf-8" />
  <meta name='ocr-system' content='tesseract 3.04.00' />
  <meta name='ocr-capabilities' content='ocr_page ocr_carea ocr_par ocr_line ocrx_word'/>
</head>
<body>
  <div class='ocr_page' id='page_1' title='image "./operajosephus03joseuoft_0232.png"; bbox 0 0 2107 3377; ppageno 0'>
   <div class='ocr_carea' id='block_1_1' title="bbox 230 208 1397 254">
    <p class='ocr_par' dir='ltr' id='par_1_1' title="bbox 230 208 1397 254">
     <span class='ocr_line' id='line_1_1' title="bbox 230 208 1397 254; baseline -0.001 -8"><span class='ocrx_word' id='word_1_1' title='bbox 230 208 311 248; x_wconf 88' lang='grc'><em>160</em></span> <span class='ocrx_word' id='word_1_2' title='bbox 722 209 882 254; x_wconf 79' lang='lat' dir='ltr'><strong>ANTIQ.</strong></span> <span class='ocrx_word' id='word_1_3' title='bbox 908 210 1006 247; x_wconf 89' lang='lat' dir='ltr'><strong>IUD.</strong></span> <span class='ocrx_word' id='word_1_4' title='bbox 1030 210 1119 246; x_wconf 85' lang='lat' dir='ltr'><em>XIH</em></span> <span class='ocrx_word' id='word_1_5' title='bbox 1143 214 1277 248; x_wconf 80' lang='lat'>49-55</span> <span class='ocrx_word' id='word_1_6' title='bbox 1302 214 1350 254; x_wconf 88' lang='lat'><em>(11.</em></span> <span class='ocrx_word' id='word_1_7' title='bbox 1365 215 1397 254; x_wconf 82' lang='lat'><em>3)</em></span> 
     </span>
    </p>
   </div>
   <div class='ocr_carea' id='block_1_2' title="bbox 143 317 1901 1876">
    <p class='ocr_par' dir='ltr' id='par_1_2' title="bbox 145 317 1898 583">
     <span class='ocr_line' id='line_1_2' title="bbox 145 317 1897 383; baseline 0.002 -16"><span class='ocrx_word' id='word_1_8' title='bbox 145 326 199 367; x_wconf 86' lang='lat'><em>50</em></span> <span class='ocrx_word' id='word_1_9' title='bbox 231 317 322 366; x_wconf 82' lang='grc' dir='ltr'><em>ἆπὸ</em></span> <span class='ocrx_word' id='word_1_10' title='bbox 354 325 431 380; x_wconf 83' lang='grc' dir='ltr'><em>τῆς</em></span> <span class='ocrx_word' id='word_1_11' title='bbox 462 322 650 379; x_wconf 79' lang='grc' dir='ltr'><em>σήμερον</em></span> <span class='ocrx_word' id='word_1_12' title='bbox 680 319 858 380; x_wconf 79' lang='grc' dir='ltr'><em>ἡμέρας.</em></span> <span class='ocrx_word' id='word_1_13' title='bbox 917 325 991 367; x_wconf 86' lang='grc' dir='ltr'><em>καὶ</em></span> <span class='ocrx_word' id='word_1_14' title='bbox 1029 321 1143 380; x_wconf 73' lang='grc' dir='ltr'><em>ὑπὲρ</em></span> <span class='ocrx_word' id='word_1_15' title='bbox 1181 326 1376 383; x_wconf 64' lang='grc' dir='ltr'><em>κεφαλῆς</em></span> <span class='ocrx_word' id='word_1_16' title='bbox 1413 324 1596 382; x_wconf 75' lang='grc' dir='ltr'><em>ἑκάστης</em></span> <span class='ocrx_word' id='word_1_17' title='bbox 1634 325 1658 369; x_wconf 81' lang='grc' dir='ltr'><em>ὃ</em></span> <span class='ocrx_word' id='word_1_18' title='bbox 1698 325 1788 370; x_wconf 70' lang='grc' dir='ltr'><em>ἔδει</em></span> <span class='ocrx_word' id='word_1_19' title='bbox 1817 344 1897 382; x_wconf 91' lang='grc' dir='ltr'><em>μοι</em></span> 
     </span>
     <span class='ocr_line' id='line_1_3' title="bbox 231 385 1897 449; baseline 0.002 -15"><span class='ocrx_word' id='word_1_20' title='bbox 231 390 446 434; x_wconf 76' lang='grc' dir='ltr'><em>δίδοσθαι</em></span> <span class='ocrx_word' id='word_1_21' title='bbox 490 392 574 433; x_wconf 86' lang='grc' dir='ltr'><em>τῶν</em></span> <span class='ocrx_word' id='word_1_22' title='bbox 620 389 664 433; x_wconf 77' lang='grc' dir='ltr'><em>ἐν</em></span> <span class='ocrx_word' id='word_1_23' title='bbox 705 392 760 446; x_wconf 79' lang='grc' dir='ltr'><em>τῇ</em></span> <span class='ocrx_word' id='word_1_24' title='bbox 799 385 993 449; x_wconf 77' lang='grc' dir='ltr'><em>Ἰουδαίᾳ</em></span> <span class='ocrx_word' id='word_1_25' title='bbox 1035 389 1356 437; x_wconf 75' lang='grc' dir='ltr'><em>κατοικούντων</em></span> <span class='ocrx_word' id='word_1_26' title='bbox 1394 394 1467 436; x_wconf 83' lang='grc' dir='ltr'><em>καὶ</em></span> <span class='ocrx_word' id='word_1_27' title='bbox 1512 395 1600 436; x_wconf 89' lang='grc' dir='ltr'><em>τῶν</em></span> <span class='ocrx_word' id='word_1_28' title='bbox 1643 396 1778 448; x_wconf 81' lang='grc' dir='ltr'><em>τριῶν</em></span> <span class='ocrx_word' id='word_1_29' title='bbox 1821 412 1897 438; x_wconf 86' lang='grc' dir='ltr'><em>το-</em></span> 
     </span>
     <span class='ocr_line' id='line_1_4' title="bbox 229 453 1898 517; baseline 0.004 -16"><span class='ocrx_word' id='word_1_30' title='bbox 229 460 432 515; x_wconf 90' lang='grc' dir='ltr'><em>παρχιῶν</em></span> <span class='ocrx_word' id='word_1_31' title='bbox 461 461 549 501; x_wconf 87' lang='grc' dir='ltr'><em>τῶν</em></span> <span class='ocrx_word' id='word_1_32' title='bbox 587 460 641 515; x_wconf 79' lang='grc' dir='ltr'><em>τῇ</em></span> <span class='ocrx_word' id='word_1_33' title='bbox 665 453 858 516; x_wconf 73' lang='grc' dir='ltr'><em>Ἰουδαίᾳ</em></span> <span class='ocrx_word' id='word_1_34' title='bbox 896 463 1226 515; x_wconf 81' lang='grc' dir='ltr'><em>προσκειμένων</em></span> <span class='ocrx_word' id='word_1_35' title='bbox 1257 465 1511 517; x_wconf 77' lang='grc' dir='ltr'><em>Σαμαρείας</em></span> <span class='ocrx_word' id='word_1_36' title='bbox 1548 462 1620 504; x_wconf 85' lang='grc' dir='ltr'><em>καὶ</em></span> <span class='ocrx_word' id='word_1_37' title='bbox 1654 463 1898 515; x_wconf 79' lang='grc' dir='ltr'><em>Γαλιλαίας</em></span> 
     </span>
     <span class='ocr_line' id='line_1_5' title="bbox 229 524 1898 583; baseline 0.002 -14"><span class='ocrx_word' id='word_1_38' title='bbox 229 528 303 570; x_wconf 84' lang='grc' dir='ltr'><em>καὶ</em></span> <span class='ocrx_word' id='word_1_39' title='bbox 334 530 547 582; x_wconf 76' lang='grc' dir='ltr'><em>Περαίας,</em></span> <span class='ocrx_word' id='word_1_40' title='bbox 578 525 761 576; x_wconf 73' lang='grc' dir='ltr'><em>τούτους</em></span> <span class='ocrx_word' id='word_1_41' title='bbox 790 529 1045 583; x_wconf 76' lang='grc' dir='ltr'><em>παραχωρῶ</em></span> <span class='ocrx_word' id='word_1_42' title='bbox 1072 525 1174 582; x_wconf 77' lang='grc' dir='ltr'><em>ὑμῖν</em></span> <span class='ocrx_word' id='word_1_43' title='bbox 1205 524 1296 573; x_wconf 78' lang='grc' dir='ltr'><em>ἀπὸ</em></span> <span class='ocrx_word' id='word_1_44' title='bbox 1328 531 1406 572; x_wconf 84' lang='grc' dir='ltr'><em>τοῦ</em></span> <span class='ocrx_word' id='word_1_45' title='bbox 1436 531 1511 572; x_wconf 76' lang='grc' dir='ltr'><em>νῦν</em></span> <span class='ocrx_word' id='word_1_46' title='bbox 1533 528 1596 579; x_wconf 84' lang='grc' dir='ltr'><em>εἷς</em></span> <span class='ocrx_word' id='word_1_47' title='bbox 1616 527 1693 572; x_wconf 85' lang='grc' dir='ltr'><em>τὸν</em></span> <span class='ocrx_word' id='word_1_48' title='bbox 1719 525 1898 574; x_wconf 66' lang='grc' dir='ltr'><em>ἅπαντα</em></span> 
     </span>
    </p>

    <p class='ocr_par' dir='ltr' id='par_1_3' title="bbox 146 591 1900 858">
     <span class='ocr_line' id='line_1_6' title="bbox 146 591 1898 652; baseline 0.001 -14"><span class='ocrx_word' id='word_1_49' title='bbox 146 599 196 638; x_wconf 84' lang='grc'><strong>51</strong></span> <span class='ocrx_word' id='word_1_50' title='bbox 226 594 399 650; x_wconf 90' lang='grc' dir='ltr'><em>χρόνον.</em></span> <span class='ocrx_word' id='word_1_51' title='bbox 458 595 532 636; x_wconf 87' lang='grc' dir='ltr'><em>καὶ</em></span> <span class='ocrx_word' id='word_1_52' title='bbox 562 592 640 649; x_wconf 82' lang='grc' dir='ltr'><em>τὴν</em></span> <span class='ocrx_word' id='word_1_53' title='bbox 668 591 1025 649; x_wconf 78' lang='grc' dir='ltr'><em>Ἱεροσολυμιτῶν</em></span> <span class='ocrx_word' id='word_1_54' title='bbox 1056 595 1189 640; x_wconf 83' lang='grc' dir='ltr'><em>πόλιν</em></span> <span class='ocrx_word' id='word_1_55' title='bbox 1222 596 1344 652; x_wconf 83' lang='grc' dir='ltr'><em>ἱερὰν</em></span> <span class='ocrx_word' id='word_1_56' title='bbox 1373 599 1447 640; x_wconf 86' lang='grc' dir='ltr'><em>καὶ</em></span> <span class='ocrx_word' id='word_1_57' title='bbox 1469 594 1633 639; x_wconf 78' lang='grc' dir='ltr'><em>ἕῖσυλον</em></span> <span class='ocrx_word' id='word_1_58' title='bbox 1659 594 1773 640; x_wconf 83' lang='grc' dir='ltr'><em>εἶναι</em></span> <span class='ocrx_word' id='word_1_59' title='bbox 1791 596 1898 651; x_wconf 84' lang='grc' dir='ltr'><em>βού-</em></span> 
     </span>
     <span class='ocr_line' id='line_1_7' title="bbox 230 658 1899 723; baseline 0.002 -19"><span class='ocrx_word' id='word_1_60' title='bbox 230 663 366 716; x_wconf 92' lang='grc' dir='ltr'><em>λομαι</em></span> <span class='ocrx_word' id='word_1_61' title='bbox 403 664 476 705; x_wconf 90' lang='grc' dir='ltr'><em>καὶ</em></span> <span class='ocrx_word' id='word_1_62' title='bbox 518 661 758 717; x_wconf 76' lang='grc' dir='ltr'><em>ἐλευθέραν</em></span> <span class='ocrx_word' id='word_1_63' title='bbox 797 661 879 713; x_wconf 73' lang='grc' dir='ltr'><em>ἕως</em></span> <span class='ocrx_word' id='word_1_64' title='bbox 914 665 1003 706; x_wconf 89' lang='grc' dir='ltr'><em>τῶν</em></span> <span class='ocrx_word' id='word_1_65' title='bbox 1040 658 1155 718; x_wconf 74' lang='grc' dir='ltr'><em>ὅρων</em></span> <span class='ocrx_word' id='word_1_66' title='bbox 1195 660 1328 723; x_wconf 68' lang='grc' dir='ltr'><em>αὐτῆς</em></span> <span class='ocrx_word' id='word_1_67' title='bbox 1368 660 1458 708; x_wconf 81' lang='grc' dir='ltr'><em>άπὸ</em></span> <span class='ocrx_word' id='word_1_68' title='bbox 1499 667 1575 722; x_wconf 78' lang='grc' dir='ltr'><em>τῆς</em></span> <span class='ocrx_word' id='word_1_69' title='bbox 1612 664 1795 722; x_wconf 80' lang='grc' dir='ltr'><em>δεκάτης</em></span> <span class='ocrx_word' id='word_1_70' title='bbox 1824 666 1899 709; x_wconf 87' lang='grc' dir='ltr'><em>καὶ</em></span> 
     </span>
     <span class='ocr_line' id='line_1_8' title="bbox 228 727 1898 790; baseline 0.003 -19"><span class='ocrx_word' id='word_1_71' title='bbox 228 731 318 772; x_wconf 88' lang='grc' dir='ltr'><em>τῶν</em></span> <span class='ocrx_word' id='word_1_72' title='bbox 352 731 501 772; x_wconf 87' lang='grc' dir='ltr'><em>τελῶν.</em></span> <span class='ocrx_word' id='word_1_73' title='bbox 559 728 636 787; x_wconf 83' lang='grc' dir='ltr'><em>τὴν</em></span> <span class='ocrx_word' id='word_1_74' title='bbox 677 730 726 773; x_wconf 81' lang='grc' dir='ltr'><em>δὲ</em></span> <span class='ocrx_word' id='word_1_75' title='bbox 765 727 901 786; x_wconf 71' lang='grc' dir='ltr'><em>ἄκραν</em></span> <span class='ocrx_word' id='word_1_76' title='bbox 941 730 1170 789; x_wconf 74' lang='grc' dir='ltr'><em>ἐπιτρέπει)</em></span> <span class='ocrx_word' id='word_1_77' title='bbox 1208 734 1272 788; x_wconf 76' lang='grc' dir='ltr'><em>τῷ</em></span> <span class='ocrx_word' id='word_1_78' title='bbox 1312 728 1504 789; x_wconf 74' lang='grc' dir='ltr'><em>ἀρχιερεῖ</em></span> <span class='ocrx_word' id='word_1_79' title='bbox 1540 730 1660 787; x_wconf 68' lang='grc' dir='ltr'><em>ὑμῶν</em></span> <span class='ocrx_word' id='word_1_80' title='bbox 1694 728 1898 790; x_wconf 77' lang='grc' dir='ltr'><em>Ἰωνάθῃ,</em></span> 
     </span>
     <span class='ocr_line' id='line_1_9' title="bbox 231 790 1900 858; baseline 0.002 -19"><span class='ocrx_word' id='word_1_81' title='bbox 231 797 305 848; x_wconf 67' lang='grc' dir='ltr'><em>οἷ’-ς</em></span> <span class='ocrx_word' id='word_1_82' title='bbox 347 793 388 839; x_wconf 72' lang='grc' dir='ltr'><em>δ’</em></span> <span class='ocrx_word' id='word_1_83' title='bbox 425 790 478 840; x_wconf 67' lang='grc' dir='ltr'><em>δν</em></span> <span class='ocrx_word' id='word_1_84' title='bbox 519 793 652 848; x_wconf 59' lang='grc' dir='ltr'><em>αὐτὸς</em></span> <span class='ocrx_word' id='word_1_85' title='bbox 691 798 907 856; x_wconf 83' lang='grc' dir='ltr'><em>δοκιμάσῃ</em></span> <span class='ocrx_word' id='word_1_86' title='bbox 947 799 1137 850; x_wconf 69' lang='grc' dir='ltr'><em>πιστοὺς</em></span> <span class='ocrx_word' id='word_1_87' title='bbox 1175 802 1249 844; x_wconf 84' lang='grc' dir='ltr'><em>καὶ</em></span> <span class='ocrx_word' id='word_1_88' title='bbox 1289 802 1448 857; x_wconf 75' lang='grc' dir='ltr'><em>φίλους</em></span> <span class='ocrx_word' id='word_1_89' title='bbox 1483 801 1666 851; x_wconf 72' lang='grc' dir='ltr'><em>τούτους</em></span> <span class='ocrx_word' id='word_1_90' title='bbox 1706 799 1750 843; x_wconf 76' lang='grc' dir='ltr'><em>ἐν</em></span> <span class='ocrx_word' id='word_1_91' title='bbox 1789 796 1900 858; x_wconf 70' lang='grc' dir='ltr'><em>αὐτῇ</em></span> 
     </span>
    </p>

    <p class='ocr_par' dir='ltr' id='par_1_4' title="bbox 145 864 1900 1130">
     <span class='ocr_line' id='line_1_10' title="bbox 145 864 1900 926; baseline 0.002 -18"><span class='ocrx_word' id='word_1_92' title='bbox 145 869 198 908; x_wconf 84' lang='grc'><em>52</em></span> <span class='ocrx_word' id='word_1_93' title='bbox 230 865 451 922; x_wconf 71' lang='grc' dir='ltr'><em>φρουροὺς</em></span> <span class='ocrx_word' id='word_1_94' title='bbox 480 868 769 923; x_wconf 83' lang='grc' dir='ltr'><em>καταστῆσαι,</em></span> <span class='ocrx_word' id='word_1_95' title='bbox 802 866 876 909; x_wconf 78' lang='grc' dir='ltr'><em>ἵνα</em></span> <span class='ocrx_word' id='word_1_96' title='bbox 907 867 1196 924; x_wconf 78' lang='grc' dir='ltr'><em>φυλάσσωσιν</em></span> <span class='ocrx_word' id='word_1_97' title='bbox 1232 865 1337 926; x_wconf 80' lang='grc' dir='ltr'><em>ἡμῖν</em></span> <span class='ocrx_word' id='word_1_98' title='bbox 1369 864 1515 925; x_wconf 76' lang='grc' dir='ltr'><em>αὐτήν.</em></span> <span class='ocrx_word' id='word_1_99' title='bbox 1575 870 1646 911; x_wconf 89' lang='grc' dir='ltr'><em>καὶ</em></span> <span class='ocrx_word' id='word_1_100' title='bbox 1674 864 1900 912; x_wconf 84' lang='grc' dir='ltr'><em>Ἰουδαίων</em></span> 
     </span>
     <span class='ocr_line' id='line_1_11' title="bbox 230 932 1900 994; baseline 0.003 -19"><span class='ocrx_word' id='word_1_101' title='bbox 230 933 278 976; x_wconf 81' lang='grc' dir='ltr'><em>δὲ</em></span> <span class='ocrx_word' id='word_1_102' title='bbox 308 933 411 984; x_wconf 78' lang='grc' dir='ltr'><em>τους</em></span> <span class='ocrx_word' id='word_1_103' title='bbox 443 933 884 989; x_wconf 73' lang='grc' dir='ltr'><em>αἰχμαλωτισθέντας</em></span> <span class='ocrx_word' id='word_1_104' title='bbox 923 937 997 977; x_wconf 83' lang='grc' dir='ltr'><em>καὶ</em></span> <span class='ocrx_word' id='word_1_105' title='bbox 1029 935 1317 986; x_wconf 73' lang='grc' dir='ltr'><em>δουλεύοντας</em></span> <span class='ocrx_word' id='word_1_106' title='bbox 1348 935 1392 978; x_wconf 75' lang='grc' dir='ltr'><em>ἐν</em></span> <span class='ocrx_word' id='word_1_107' title='bbox 1421 938 1475 992; x_wconf 80' lang='grc' dir='ltr'><em>τῇ</em></span> <span class='ocrx_word' id='word_1_108' title='bbox 1507 933 1696 993; x_wconf 75' lang='grc' dir='ltr'><em>ἡμετέρᾳ</em></span> <span class='ocrx_word' id='word_1_109' title='bbox 1734 932 1900 994; x_wconf 74' lang='grc' dir='ltr'><em>ἀφίημι</em></span> 
     </span>
     <span class='ocr_line' id='line_1_12' title="bbox 230 998 1898 1060; baseline 0.002 -16"><span class='ocrx_word' id='word_1_110' title='bbox 230 1000 504 1057; x_wconf 74' lang='grc' dir='ltr'><em>ἐλευθέρους.</em></span> <span class='ocrx_word' id='word_1_111' title='bbox 563 1002 724 1045; x_wconf 69' lang='grc' dir='ltr'><em>κελεύω</em></span> <span class='ocrx_word' id='word_1_112' title='bbox 757 1002 804 1044; x_wconf 83' lang='grc' dir='ltr'><em>δὲ</em></span> <span class='ocrx_word' id='word_1_113' title='bbox 834 1002 945 1057; x_wconf 82' lang='grc' dir='ltr'><em>μηδὲ</em></span> <span class='ocrx_word' id='word_1_114' title='bbox 977 998 1303 1059; x_wconf 73' lang='grc' dir='ltr'><em>ἀγγαρεύεσθαι</em></span> <span class='ocrx_word' id='word_1_115' title='bbox 1332 1002 1388 1046; x_wconf 82' lang='grc' dir='ltr'><em>τὰ</em></span> <span class='ocrx_word' id='word_1_116' title='bbox 1412 1000 1639 1047; x_wconf 80' lang='grc' dir='ltr'><em>Ἰουδαίων</em></span> <span class='ocrx_word' id='word_1_117' title='bbox 1659 1002 1898 1060; x_wconf 66' lang='grc' dir='ltr'><em>ὑποζύγια·</em></span> 
     </span>
     <span class='ocr_line' id='line_1_13' title="bbox 227 1066 1899 1130; baseline 0.001 -18"><span class='ocrx_word' id='word_1_118' title='bbox 227 1068 283 1112; x_wconf 81' lang='grc' dir='ltr'><em>τὰ</em></span> <span class='ocrx_word' id='word_1_119' title='bbox 325 1069 372 1112; x_wconf 83' lang='grc' dir='ltr'><em>δὲ</em></span> <span class='ocrx_word' id='word_1_120' title='bbox 411 1069 615 1125; x_wconf 73' lang='grc' dir='ltr'><em>σάββατα</em></span> <span class='ocrx_word' id='word_1_121' title='bbox 653 1071 725 1112; x_wconf 81' lang='grc' dir='ltr'><em>καὶ</em></span> <span class='ocrx_word' id='word_1_122' title='bbox 766 1069 921 1126; x_wconf 72' lang='grc' dir='ltr'><em>ἑορτὴν</em></span> <span class='ocrx_word' id='word_1_123' title='bbox 953 1066 1135 1114; x_wconf 71' lang='grc' dir='ltr'><em>ἅπασαν</em></span> <span class='ocrx_word' id='word_1_124' title='bbox 1164 1074 1238 1115; x_wconf 87' lang='grc' dir='ltr'><em>καὶ</em></span> <span class='ocrx_word' id='word_1_125' title='bbox 1267 1080 1384 1126; x_wconf 85' lang='grc' dir='ltr'><em>τρεῖς</em></span> <span class='ocrx_word' id='word_1_126' title='bbox 1413 1073 1484 1114; x_wconf 82' lang='grc' dir='ltr'><em>καὶ</em></span> <span class='ocrx_word' id='word_1_127' title='bbox 1518 1071 1606 1126; x_wconf 86' lang='grc' dir='ltr'><em>πρὸ</em></span> <span class='ocrx_word' id='word_1_128' title='bbox 1639 1074 1716 1127; x_wconf 79' lang='grc' dir='ltr'><em>τῆς</em></span> <span class='ocrx_word' id='word_1_129' title='bbox 1746 1071 1899 1130; x_wconf 78' lang='grc' dir='ltr'><em>ἑορτῆς</em></span> 
     </span>
    </p>

    <p class='ocr_par' dir='ltr' id='par_1_5' title="bbox 143 1133 1901 1535">
     <span class='ocr_line' id='line_1_14' title="bbox 143 1133 1900 1196; baseline 0 -14"><span class='ocrx_word' id='word_1_130' title='bbox 143 1142 198 1182; x_wconf 85' lang='grc'><em>53</em></span> <span class='ocrx_word' id='word_1_131' title='bbox 228 1135 394 1194; x_wconf 81' lang='grc' dir='ltr'><em>ἡμέρας</em></span> <span class='ocrx_word' id='word_1_132' title='bbox 433 1137 630 1181; x_wconf 71' lang='grc' dir='ltr'><em>ἔστωσαν</em></span> <span class='ocrx_word' id='word_1_133' title='bbox 671 1133 854 1188; x_wconf 71' lang='grc' dir='ltr'><em>ἀτελεῖς.</em></span> <span class='ocrx_word' id='word_1_134' title='bbox 914 1137 992 1180; x_wconf 85' lang='grc' dir='ltr'><em>τὸν</em></span> <span class='ocrx_word' id='word_1_135' title='bbox 1034 1134 1167 1181; x_wconf 66' lang='grc' dir='ltr'><em>αὐτὸν</em></span> <span class='ocrx_word' id='word_1_136' title='bbox 1205 1138 1375 1194; x_wconf 86' lang='grc' dir='ltr'><em>τρόπον</em></span> <span class='ocrx_word' id='word_1_137' title='bbox 1414 1141 1487 1182; x_wconf 85' lang='grc' dir='ltr'><em>καὶ</em></span> <span class='ocrx_word' id='word_1_138' title='bbox 1517 1138 1621 1189; x_wconf 75' lang='grc' dir='ltr'><em>τοὺς</em></span> <span class='ocrx_word' id='word_1_139' title='bbox 1652 1138 1696 1182; x_wconf 80' lang='grc' dir='ltr'><em>ἐν</em></span> <span class='ocrx_word' id='word_1_140' title='bbox 1731 1141 1785 1196; x_wconf 85' lang='grc' dir='ltr'><em>τῇ</em></span> <span class='ocrx_word' id='word_1_141' title='bbox 1817 1138 1900 1196; x_wconf 76' lang='grc' dir='ltr'><em>ἐμῇ</em></span> 
     </span>
     <span class='ocr_line' id='line_1_15' title="bbox 227 1202 1900 1264; baseline 0.002 -17"><span class='ocrx_word' id='word_1_142' title='bbox 227 1207 541 1254; x_wconf 77' lang='grc' dir='ltr'><em>κατοικοῦντας</em></span> <span class='ocrx_word' id='word_1_143' title='bbox 568 1204 805 1255; x_wconf 83' lang='grc' dir='ltr'><em>Ἰουδαίους</em></span> <span class='ocrx_word' id='word_1_144' title='bbox 837 1205 1099 1260; x_wconf 70' lang='grc' dir='ltr'><em>ἐλευθέρους</em></span> <span class='ocrx_word' id='word_1_145' title='bbox 1130 1208 1205 1250; x_wconf 88' lang='grc' dir='ltr'><em>καὶ</em></span> <span class='ocrx_word' id='word_1_146' title='bbox 1237 1202 1594 1264; x_wconf 76' lang='grc' dir='ltr'><em>ἀνεπηρεάστους</em></span> <span class='ocrx_word' id='word_1_147' title='bbox 1616 1202 1794 1264; x_wconf 77' lang='grc' dir='ltr'><em>ἀφίημι,</em></span> <span class='ocrx_word' id='word_1_148' title='bbox 1824 1209 1900 1251; x_wconf 86' lang='grc' dir='ltr'><em>καὶ</em></span> 
     </span>
     <span class='ocr_line' id='line_1_16' title="bbox 226 1268 1901 1332; baseline 0.002 -17"><span class='ocrx_word' id='word_1_149' title='bbox 226 1282 322 1323; x_wconf 90' lang='grc' dir='ltr'><em>τοῖς</em></span> <span class='ocrx_word' id='word_1_150' title='bbox 344 1272 671 1329; x_wconf 68' lang='grc' dir='ltr'><em>στρατεύεσθαι</em></span> <span class='ocrx_word' id='word_1_151' title='bbox 700 1268 797 1327; x_wconf 62' lang='grc' dir='ltr'><em>μετ)</em></span> <span class='ocrx_word' id='word_1_152' title='bbox 817 1272 931 1332; x_wconf 61' lang='grc' dir='ltr'><em>ἐμοῦ</em></span> <span class='ocrx_word' id='word_1_153' title='bbox 950 1275 1238 1328; x_wconf 76' lang='grc' dir='ltr'><em>βουλομένοις</em></span> <span class='ocrx_word' id='word_1_154' title='bbox 1261 1273 1491 1329; x_wconf 73' lang='grc' dir='ltr'><em>ἐπιτρέπει)</em></span> <span class='ocrx_word' id='word_1_155' title='bbox 1511 1276 1585 1317; x_wconf 87' lang='grc' dir='ltr'><em>καὶ</em></span> <span class='ocrx_word' id='word_1_156' title='bbox 1607 1278 1756 1331; x_wconf 87' lang='grc' dir='ltr'><em>μέχρις</em></span> <span class='ocrx_word' id='word_1_157' title='bbox 1776 1290 1901 1331; x_wconf 83' lang='grc' dir='ltr'><em>τρισ-</em></span> 
     </span>
     <span class='ocr_line' id='line_1_17' title="bbox 226 1335 1901 1395; baseline 0.003 -13"><span class='ocrx_word' id='word_1_158' title='bbox 226 1344 396 1394; x_wconf 90' lang='grc' dir='ltr'><em>μυρίων</em></span> <span class='ocrx_word' id='word_1_159' title='bbox 427 1339 587 1391; x_wconf 78' lang='grc' dir='ltr'><em>ἓξέστω</em></span> <span class='ocrx_word' id='word_1_160' title='bbox 617 1343 770 1384; x_wconf 83' lang='grc' dir='ltr'><em>τοῦτο·</em></span> <span class='ocrx_word' id='word_1_161' title='bbox 811 1343 900 1383; x_wconf 89' lang='grc' dir='ltr'><em>τῶν</em></span> <span class='ocrx_word' id='word_1_162' title='bbox 941 1336 981 1383; x_wconf 69' lang='grc' dir='ltr'><em>δ’</em></span> <span class='ocrx_word' id='word_1_163' title='bbox 1018 1337 1175 1394; x_wconf 67' lang='grc' dir='ltr'><em>αὐτῶν,</em></span> <span class='ocrx_word' id='word_1_164' title='bbox 1215 1340 1324 1386; x_wconf 82' lang='grc' dir='ltr'><em>ὅποι</em></span> <span class='ocrx_word' id='word_1_165' title='bbox 1356 1335 1408 1385; x_wconf 65' lang='grc' dir='ltr'><em>ἂν</em></span> <span class='ocrx_word' id='word_1_166' title='bbox 1440 1338 1634 1395; x_wconf 73' lang='grc' dir='ltr'><em>ἀπίωσι,</em></span> <span class='ocrx_word' id='word_1_167' title='bbox 1672 1341 1901 1393; x_wconf 84' lang='grc' dir='ltr'><em>τεύξονται</em></span> 
     </span>
     <span class='ocr_line' id='line_1_18' title="bbox 228 1403 1901 1468; baseline 0.002 -18"><span class='ocrx_word' id='word_1_168' title='bbox 228 1403 289 1451; x_wconf 80' lang='grc' dir='ltr'><em>ῶν</em></span> <span class='ocrx_word' id='word_1_169' title='bbox 318 1409 393 1451; x_wconf 84' lang='grc' dir='ltr'><em>καὶ</em></span> <span class='ocrx_word' id='word_1_170' title='bbox 423 1407 472 1451; x_wconf 84' lang='grc' dir='ltr'><em>τὸ</em></span> <span class='ocrx_word' id='word_1_171' title='bbox 497 1407 602 1463; x_wconf 73' lang='grc' dir='ltr'><em>ἐμὸν</em></span> <span class='ocrx_word' id='word_1_172' title='bbox 625 1409 876 1464; x_wconf 88' lang='grc' dir='ltr'><em>στράτευμα</em></span> <span class='ocrx_word' id='word_1_173' title='bbox 903 1409 1247 1465; x_wconf 79' lang='grc' dir='ltr'><em>μεταλαμβάνει.</em></span> <span class='ocrx_word' id='word_1_174' title='bbox 1306 1409 1569 1468; x_wconf 87' lang='grc' dir='ltr'><em>καταστήσω</em></span> <span class='ocrx_word' id='word_1_175' title='bbox 1591 1406 1633 1453; x_wconf 76' lang='grc' dir='ltr'><em>δ’</em></span> <span class='ocrx_word' id='word_1_176' title='bbox 1661 1406 1804 1453; x_wconf 73' lang='grc' dir='ltr'><em>αὐτῶν</em></span> <span class='ocrx_word' id='word_1_177' title='bbox 1825 1410 1901 1462; x_wconf 79' lang='grc' dir='ltr'><em>οὓς</em></span> 
     </span>
     <span class='ocr_line' id='line_1_19' title="bbox 227 1473 1899 1535; baseline 0.001 -16"><span class='ocrx_word' id='word_1_178' title='bbox 227 1476 306 1531; x_wconf 86' lang='grc' dir='ltr'><em>μὲν</em></span> <span class='ocrx_word' id='word_1_179' title='bbox 337 1476 400 1527; x_wconf 82' lang='grc' dir='ltr'><em>εἰς</em></span> <span class='ocrx_word' id='word_1_180' title='bbox 430 1476 486 1519; x_wconf 83' lang='grc' dir='ltr'><em>τὰ</em></span> <span class='ocrx_word' id='word_1_181' title='bbox 518 1477 732 1534; x_wconf 78' lang='grc' dir='ltr'><em>φρούρια,</em></span> <span class='ocrx_word' id='word_1_182' title='bbox 773 1477 898 1527; x_wconf 84' lang='grc' dir='ltr'><em>τινὰς</em></span> <span class='ocrx_word' id='word_1_183' title='bbox 936 1477 983 1520; x_wconf 85' lang='grc' dir='ltr'><em>δὲ</em></span> <span class='ocrx_word' id='word_1_184' title='bbox 1014 1480 1119 1533; x_wconf 83' lang='grc' dir='ltr'><em>περὶ</em></span> <span class='ocrx_word' id='word_1_185' title='bbox 1149 1476 1228 1534; x_wconf 81' lang='grc' dir='ltr'><em>τὴν</em></span> <span class='ocrx_word' id='word_1_186' title='bbox 1260 1476 1454 1535; x_wconf 82' lang='grc' dir='ltr'><em>φυλακὴν</em></span> <span class='ocrx_word' id='word_1_187' title='bbox 1484 1473 1650 1532; x_wconf 68' lang='grc' dir='ltr'><em>τούμοῦ</em></span> <span class='ocrx_word' id='word_1_188' title='bbox 1681 1477 1899 1533; x_wconf 84' lang='grc' dir='ltr'><em>σώματος,</em></span> 
     </span>
    </p>

    <p class='ocr_par' dir='ltr' id='par_1_6' title="bbox 144 1541 1901 1808">
     <span class='ocr_line' id='line_1_20' title="bbox 144 1541 1900 1604; baseline 0.001 -15"><span class='ocrx_word' id='word_1_189' title='bbox 144 1550 198 1589; x_wconf 87' lang='grc'><em>54</em></span> <span class='ocrx_word' id='word_1_190' title='bbox 228 1545 302 1587; x_wconf 83' lang='grc' dir='ltr'><em>καὶ</em></span> <span class='ocrx_word' id='word_1_191' title='bbox 333 1541 550 1600; x_wconf 65' lang='grc' dir='ltr'><em>ἡγεμόνας</em></span> <span class='ocrx_word' id='word_1_192' title='bbox 583 1546 629 1589; x_wconf 81' lang='grc' dir='ltr'><em>δὲ</em></span> <span class='ocrx_word' id='word_1_193' title='bbox 661 1545 839 1602; x_wconf 75' lang='grc' dir='ltr'><em>ποιήσω</em></span> <span class='ocrx_word' id='word_1_194' title='bbox 878 1547 966 1588; x_wconf 87' lang='grc' dir='ltr'><em>τῶν</em></span> <span class='ocrx_word' id='word_1_195' title='bbox 997 1548 1101 1602; x_wconf 84' lang='grc' dir='ltr'><em>περὶ</em></span> <span class='ocrx_word' id='word_1_196' title='bbox 1132 1545 1210 1604; x_wconf 87' lang='grc' dir='ltr'><em>τὴν</em></span> <span class='ocrx_word' id='word_1_197' title='bbox 1242 1545 1348 1602; x_wconf 77' lang='grc' dir='ltr'><em>ἐμὴν</em></span> <span class='ocrx_word' id='word_1_198' title='bbox 1380 1541 1530 1603; x_wconf 72' lang='grc' dir='ltr'><em>αὐλήν.</em></span> <span class='ocrx_word' id='word_1_199' title='bbox 1592 1545 1821 1602; x_wconf 78' lang='grc' dir='ltr'><em>ἐπιτρέπω</em></span> <span class='ocrx_word' id='word_1_200' title='bbox 1852 1547 1900 1590; x_wconf 85' lang='grc' dir='ltr'><em>δὲ</em></span> 
     </span>
     <span class='ocr_line' id='line_1_21' title="bbox 227 1613 1901 1671; baseline 0.003 -18"><span class='ocrx_word' id='word_1_201' title='bbox 227 1613 301 1654; x_wconf 87' lang='grc' dir='ltr'><em>καὶ</em></span> <span class='ocrx_word' id='word_1_202' title='bbox 330 1621 424 1663; x_wconf 91' lang='grc' dir='ltr'><em>τοῖς</em></span> <span class='ocrx_word' id='word_1_203' title='bbox 455 1613 685 1671; x_wconf 70' lang='grc' dir='ltr'><em>πατρῴοις</em></span> <span class='ocrx_word' id='word_1_204' title='bbox 712 1616 912 1671; x_wconf 68' lang='grc' dir='ltr'><em>χρῆσθαι</em></span> <span class='ocrx_word' id='word_1_205' title='bbox 943 1613 1097 1668; x_wconf 90' lang='grc' dir='ltr'><em>νόμοις</em></span> <span class='ocrx_word' id='word_1_206' title='bbox 1126 1617 1199 1658; x_wconf 85' lang='grc' dir='ltr'><em>καὶ</em></span> <span class='ocrx_word' id='word_1_207' title='bbox 1228 1614 1409 1665; x_wconf 69' lang='grc' dir='ltr'><em>τούτους</em></span> <span class='ocrx_word' id='word_1_208' title='bbox 1431 1613 1681 1671; x_wconf 82' lang='grc' dir='ltr'><em>φυλάττειν,</em></span> <span class='ocrx_word' id='word_1_209' title='bbox 1712 1616 1785 1658; x_wconf 81' lang='grc' dir='ltr'><em>καὶ</em></span> <span class='ocrx_word' id='word_1_210' title='bbox 1806 1623 1901 1666; x_wconf 88' lang='grc' dir='ltr'><em>τοῖς</em></span> 
     </span>
     <span class='ocr_line' id='line_1_22' title="bbox 227 1677 1898 1739; baseline 0.002 -17"><span class='ocrx_word' id='word_1_211' title='bbox 227 1682 371 1735; x_wconf 85' lang='grc' dir='ltr'><em>τρισὶν</em></span> <span class='ocrx_word' id='word_1_212' title='bbox 407 1691 503 1732; x_wconf 91' lang='grc' dir='ltr'><em>τοῖς</em></span> <span class='ocrx_word' id='word_1_213' title='bbox 542 1685 879 1739; x_wconf 85' lang='grc' dir='ltr'><em>προσκειμένοις</em></span> <span class='ocrx_word' id='word_1_214' title='bbox 917 1684 972 1739; x_wconf 81' lang='grc' dir='ltr'><em>τῇ</em></span> <span class='ocrx_word' id='word_1_215' title='bbox 995 1677 1189 1739; x_wconf 76' lang='grc' dir='ltr'><em>Ἰουδαίᾳ</em></span> <span class='ocrx_word' id='word_1_216' title='bbox 1228 1691 1380 1736; x_wconf 90' lang='grc' dir='ltr'><em>νομοῖς</em></span> <span class='ocrx_word' id='word_1_217' title='bbox 1410 1679 1758 1726; x_wconf 70' lang='grc' dir='ltr'><em>ὑποτάσσεσθαι</em></span> <span class='ocrx_word' id='word_1_218' title='bbox 1792 1682 1898 1737; x_wconf 82' lang='grc' dir='ltr'><em>βού-</em></span> 
     </span>
     <span class='ocr_line' id='line_1_23' title="bbox 229 1745 1898 1808; baseline 0.002 -19"><span class='ocrx_word' id='word_1_219' title='bbox 229 1749 375 1802; x_wconf 86' lang='grc' dir='ltr'><em>λομαι,</em></span> <span class='ocrx_word' id='word_1_220' title='bbox 405 1751 479 1793; x_wconf 85' lang='grc' dir='ltr'><em>καὶ</em></span> <span class='ocrx_word' id='word_1_221' title='bbox 510 1752 574 1805; x_wconf 74' lang='grc' dir='ltr'><em>τῷ</em></span> <span class='ocrx_word' id='word_1_222' title='bbox 605 1746 797 1805; x_wconf 73' lang='grc' dir='ltr'><em>ἀρχιερεῖ</em></span> <span class='ocrx_word' id='word_1_223' title='bbox 836 1751 882 1793; x_wconf 85' lang='grc' dir='ltr'><em>δὲ</em></span> <span class='ocrx_word' id='word_1_224' title='bbox 924 1749 1131 1805; x_wconf 75' lang='grc' dir='ltr'><em>ἐπιμελὲς</em></span> <span class='ocrx_word' id='word_1_225' title='bbox 1162 1748 1295 1803; x_wconf 79' lang='grc' dir='ltr'><em>εἶναι,</em></span> <span class='ocrx_word' id='word_1_226' title='bbox 1335 1751 1409 1793; x_wconf 78' lang='grc' dir='ltr'><em>ἵνα</em></span> <span class='ocrx_word' id='word_1_227' title='bbox 1446 1750 1558 1808; x_wconf 72' lang='grc' dir='ltr'><em>μηδὲ</em></span> <span class='ocrx_word' id='word_1_228' title='bbox 1599 1749 1661 1801; x_wconf 83' lang='grc' dir='ltr'><em>εἷς</em></span> <span class='ocrx_word' id='word_1_229' title='bbox 1685 1745 1898 1801; x_wconf 84' lang='grc' dir='ltr'><em>Ἰουδαῖος</em></span> 
     </span>
    </p>

    <p class='ocr_par' dir='ltr' id='par_1_7' title="bbox 143 1812 1893 1876">
     <span class='ocr_line' id='line_1_24' title="bbox 143 1812 1893 1876; baseline -0.001 -15"><span class='ocrx_word' id='word_1_230' title='bbox 143 1822 197 1861; x_wconf 87' lang='lat'><em>55</em></span> <span class='ocrx_word' id='word_1_231' title='bbox 230 1812 337 1859; x_wconf 72' lang='grc' dir='ltr'><em>ἄλλο</em></span> <span class='ocrx_word' id='word_1_232' title='bbox 370 1816 441 1874; x_wconf 72' lang='grc' dir='ltr'><em>ἔχῃ</em></span> <span class='ocrx_word' id='word_1_233' title='bbox 476 1817 594 1873; x_wconf 82' lang='grc' dir='ltr'><em>ἱερὸν</em></span> <span class='ocrx_word' id='word_1_234' title='bbox 625 1827 887 1873; x_wconf 83' lang='grc' dir='ltr'><em>προσκυνεῖν</em></span> <span class='ocrx_word' id='word_1_235' title='bbox 918 1812 944 1876; x_wconf 76' lang='grc' dir='ltr'><em>ἢ</em></span> <span class='ocrx_word' id='word_1_236' title='bbox 973 1818 1108 1873; x_wconf 90' lang='grc' dir='ltr'><em>μόνον</em></span> <span class='ocrx_word' id='word_1_237' title='bbox 1128 1817 1178 1861; x_wconf 83' lang='grc' dir='ltr'><em>τὸ</em></span> <span class='ocrx_word' id='word_1_238' title='bbox 1203 1815 1596 1873; x_wconf 73' lang='grc' dir='ltr'><em>ένἹεροσολύμοις.</em></span> <span class='ocrx_word' id='word_1_239' title='bbox 1657 1817 1819 1872; x_wconf 92' lang='grc' dir='ltr'><em>δίδωμι</em></span> <span class='ocrx_word' id='word_1_240' title='bbox 1851 1813 1893 1860; x_wconf 75' lang='grc' dir='ltr'><em>δ’</em></span> 
     </span>
    </p>
   </div>
   <div class='ocr_carea' id='block_1_3' title="bbox 344 1930 873 1971">
    <p class='ocr_par' dir='ltr' id='par_1_8' title="bbox 344 1930 873 1971">
     <span class='ocr_line' id='line_1_25' title="bbox 344 1930 873 1971; baseline 0.004 -8"><span class='ocrx_word' id='word_1_241' title='bbox 344 1932 363 1971; x_wconf 56' lang='grc' dir='ltr'>ᾗ</span> <span class='ocrx_word' id='word_1_242' title='bbox 390 1933 431 1964; x_wconf 86' lang='grc'><em>50</em></span> <span class='ocrx_word' id='word_1_243' title='bbox 457 1945 500 1957; x_wconf 94' lang='lat'><strong><em>=</em></strong></span> <span class='ocrx_word' id='word_1_244' title='bbox 528 1934 558 1965; x_wconf 89' lang='lat'><em>1.</em></span> <span class='ocrx_word' id='word_1_245' title='bbox 577 1930 741 1965; x_wconf 81' lang='lat' dir='ltr'>Maccab.</span> <span class='ocrx_word' id='word_1_246' title='bbox 759 1930 792 1964; x_wconf 89' lang='lat' dir='ltr'>X</span> <span class='ocrx_word' id='word_1_247' title='bbox 818 1933 873 1965; x_wconf 81' lang='lat'><em>30.</em></span> 
     </span>
    </p>
   </div>
   <div class='ocr_carea' id='block_1_4' title="bbox 222 2017 1900 3028">
    <p class='ocr_par' dir='ltr' id='par_1_9' title="bbox 340 2017 708 2054">
     <span class='ocr_line' id='line_1_26' title="bbox 340 2017 708 2054; baseline 0.008 -3"><span class='ocrx_word' id='word_1_248' title='bbox 340 2017 626 2054; x_wconf 87' lang='lat' dir='ltr'>PFLAMVWE</span> <span class='ocrx_word' id='word_1_249' title='bbox 638 2019 708 2054; x_wconf 81' lang='lat' dir='ltr'><em>Lat</em></span> 
     </span>
    </p>

    <p class='ocr_par' dir='ltr' id='par_1_10' title="bbox 228 2073 1900 2405">
     <span class='ocr_line' id='line_1_27' title="bbox 344 2073 1854 2123; baseline 0.001 -12"><span class='ocrx_word' id='word_1_250' title='bbox 344 2079 360 2111; x_wconf 91' lang='lat'>1</span> <span class='ocrx_word' id='word_1_251' title='bbox 387 2078 462 2118; x_wconf 82' lang='grc' dir='ltr'><em>καὶ]</em></span> <span class='ocrx_word' id='word_1_252' title='bbox 487 2079 549 2112; x_wconf 77' lang='grc' dir='ltr'><em>καὶ</em></span> <span class='ocrx_word' id='word_1_253' title='bbox 576 2073 645 2113; x_wconf 72' lang='grc' dir='ltr'><em>οῧσ</em></span> <span class='ocrx_word' id='word_1_254' title='bbox 668 2076 858 2111; x_wconf 83' lang='lat' dir='ltr'>LAMWE</span> <span class='ocrx_word' id='word_1_255' title='bbox 951 2077 1099 2113; x_wconf 78' lang='grc' dir='ltr'><em>*καὶ-</em></span> <span class='ocrx_word' id='word_1_256' title='bbox 1115 2080 1134 2112; x_wconf 79' lang='grc'>2</span> <span class='ocrx_word' id='word_1_257' title='bbox 1160 2078 1344 2118; x_wconf 68' lang='grc' dir='ltr'><em>δίδοσθαι]</em></span> <span class='ocrx_word' id='word_1_258' title='bbox 1371 2087 1513 2111; x_wconf 74' lang='lat' dir='ltr'><em>censum</em></span> <span class='ocrx_word' id='word_1_259' title='bbox 1537 2076 1762 2123; x_wconf 65' lang='lat' dir='ltr'><em>singulorum</em></span> <span class='ocrx_word' id='word_1_260' title='bbox 1784 2077 1854 2112; x_wconf 79' lang='lat' dir='ltr'><em>Lat</em></span> 
     </span>
     <span class='ocr_line' id='line_1_28' title="bbox 230 2127 1854 2181; baseline 0.001 -13"><span class='ocrx_word' id='word_1_261' title='bbox 230 2127 252 2168; x_wconf 74' lang='grc' dir='ltr'><em>ὃ</em></span> <span class='ocrx_word' id='word_1_262' title='bbox 277 2142 346 2167; x_wconf 85' lang='grc'><strong>0111.</strong></span> <span class='ocrx_word' id='word_1_263' title='bbox 371 2131 589 2168; x_wconf 81' lang='lat' dir='ltr'>PLAMWE</span> <span class='ocrx_word' id='word_1_264' title='bbox 661 2135 680 2167; x_wconf 81' lang='lat'>2</span> <span class='ocrx_word' id='word_1_265' title='bbox 706 2131 847 2169; x_wconf 80' lang='grc' dir='ltr'><em>διδόναι</em></span> <span class='ocrx_word' id='word_1_266' title='bbox 871 2132 1062 2168; x_wconf 80' lang='lat' dir='ltr'>LAMWE</span> <span class='ocrx_word' id='word_1_267' title='bbox 1147 2135 1224 2169; x_wconf 86' lang='grc' dir='ltr'><em>τῶν</em></span> <span class='ocrx_word' id='word_1_268' title='bbox 1247 2143 1315 2167; x_wconf 90' lang='lat' dir='ltr'><em>om.</em></span> <span class='ocrx_word' id='word_1_269' title='bbox 1345 2133 1388 2167; x_wconf 90' lang='lat' dir='ltr'>W</span> <span class='ocrx_word' id='word_1_270' title='bbox 1458 2135 1585 2179; x_wconf 82' lang='grc' dir='ltr'><em>τριῶν]</em></span> <span class='ocrx_word' id='word_1_271' title='bbox 1611 2136 1783 2181; x_wconf 85' lang='grc' dir='ltr'><em>πατριῶν</em></span> <span class='ocrx_word' id='word_1_272' title='bbox 1807 2134 1854 2168; x_wconf 90' lang='lat' dir='ltr'>W</span> 
     </span>
     <span class='ocr_line' id='line_1_29' title="bbox 230 2187 1900 2235; baseline 0.003 -13"><span class='ocrx_word' id='word_1_273' title='bbox 230 2191 248 2222; x_wconf 79' lang='lat'>3</span> <span class='ocrx_word' id='word_1_274' title='bbox 275 2191 345 2234; x_wconf 85' lang='grc' dir='ltr'><em>τῆσ</em></span> <span class='ocrx_word' id='word_1_275' title='bbox 368 2189 543 2225; x_wconf 83' lang='grc' dir='ltr'><em>ἰουδαίασ</em></span> <span class='ocrx_word' id='word_1_276' title='bbox 567 2189 628 2223; x_wconf 83' lang='lat' dir='ltr'><em>PF</em></span> <span class='ocrx_word' id='word_1_277' title='bbox 722 2191 946 2235; x_wconf 83' lang='grc' dir='ltr'><em>*σαμαρίασ</em></span> <span class='ocrx_word' id='word_1_278' title='bbox 970 2190 998 2224; x_wconf 88' lang='grc' dir='ltr'>Ρ</span> <span class='ocrx_word' id='word_1_279' title='bbox 1091 2194 1113 2224; x_wconf 89' lang='grc'>4</span> <span class='ocrx_word' id='word_1_280' title='bbox 1138 2189 1310 2235; x_wconf 77' lang='grc' dir='ltr'><em>*περέασ</em></span> <span class='ocrx_word' id='word_1_281' title='bbox 1334 2189 1361 2223; x_wconf 88' lang='grc' dir='ltr'>Ρ</span> <span class='ocrx_word' id='word_1_282' title='bbox 1387 2190 1549 2235; x_wconf 84' lang='grc' dir='ltr'><em>σεραίασ</em></span> <span class='ocrx_word' id='word_1_283' title='bbox 1573 2189 1619 2223; x_wconf 84' lang='lat' dir='ltr'>W</span> <span class='ocrx_word' id='word_1_284' title='bbox 1711 2187 1850 2227; x_wconf 80' lang='grc' dir='ltr'><em>τούτου</em></span> <span class='ocrx_word' id='word_1_285' title='bbox 1867 2190 1900 2226; x_wconf 88' lang='grc' dir='ltr'><strong>Ε</strong></span> 
     </span>
     <span class='ocr_line' id='line_1_30' title="bbox 229 2240 1898 2293; baseline 0 -13"><span class='ocrx_word' id='word_1_286' title='bbox 229 2247 343 2281; x_wconf 82' lang='grc' dir='ltr'><em>τοῦτο</em></span> <span class='ocrx_word' id='word_1_287' title='bbox 370 2245 519 2281; x_wconf 81' lang='lat' dir='ltr'>Hudson</span> <span class='ocrx_word' id='word_1_288' title='bbox 588 2249 831 2293; x_wconf 83' lang='grc' dir='ltr'><em>*παραχορῶ</em></span> <span class='ocrx_word' id='word_1_289' title='bbox 856 2246 884 2280; x_wconf 90' lang='lat' dir='ltr'>P</span> <span class='ocrx_word' id='word_1_290' title='bbox 955 2243 1042 2293; x_wconf 66' lang='grc' dir='ltr'><em>ἡμῖν</em></span> <span class='ocrx_word' id='word_1_291' title='bbox 1067 2247 1100 2281; x_wconf 92' lang='grc' dir='ltr'><strong>Ε</strong></span> <span class='ocrx_word' id='word_1_292' title='bbox 1169 2240 1321 2282; x_wconf 75' lang='grc' dir='ltr'><em>ἅπαντα</em></span> <span class='ocrx_word' id='word_1_293' title='bbox 1347 2242 1417 2281; x_wconf 88' lang='grc' dir='ltr'><em>τὸν</em></span> <span class='ocrx_word' id='word_1_294' title='bbox 1441 2251 1485 2281; x_wconf 88' lang='lat' dir='ltr'><em>tr.</em></span> <span class='ocrx_word' id='word_1_295' title='bbox 1510 2246 1666 2281; x_wconf 78' lang='lat' dir='ltr'>AMWE</span> <span class='ocrx_word' id='word_1_296' title='bbox 1744 2250 1764 2281; x_wconf 89' lang='grc'><strong>6</strong></span> <span class='ocrx_word' id='word_1_297' title='bbox 1789 2243 1898 2285; x_wconf 68' lang='lat' dir='ltr'><em>*dno</em></span> 
     </span>
     <span class='ocr_line' id='line_1_31' title="bbox 229 2299 1900 2349; baseline 0.002 -13"><span class='ocrx_word' id='word_1_298' title='bbox 229 2322 271 2327; x_wconf 91' lang='lat'>—</span> <span class='ocrx_word' id='word_1_299' title='bbox 290 2306 307 2336; x_wconf 79' lang='lat'><strong>7</strong></span> <span class='ocrx_word' id='word_1_300' title='bbox 335 2299 460 2346; x_wconf 76' lang='grc' dir='ltr'><em>ἄκραν</em></span> <span class='ocrx_word' id='word_1_301' title='bbox 482 2300 544 2338; x_wconf 83' lang='grc' dir='ltr'><em>ἐπι</em></span> <span class='ocrx_word' id='word_1_302' title='bbox 570 2313 638 2338; x_wconf 89' lang='lat' dir='ltr'><em>om.</em></span> <span class='ocrx_word' id='word_1_303' title='bbox 664 2302 694 2336; x_wconf 93' lang='lat' dir='ltr'>L</span> <span class='ocrx_word' id='word_1_304' title='bbox 765 2299 858 2345; x_wconf 77' lang='grc' dir='ltr'><em>α’πὸ]</em></span> <span class='ocrx_word' id='word_1_305' title='bbox 884 2301 945 2340; x_wconf 77' lang='grc' dir='ltr'><em>ἐπὶ</em></span> <span class='ocrx_word' id='word_1_306' title='bbox 970 2304 1016 2338; x_wconf 90' lang='lat' dir='ltr'>W</span> <span class='ocrx_word' id='word_1_307' title='bbox 1087 2305 1150 2339; x_wconf 80' lang='grc' dir='ltr'><em>καὶ</em></span> <span class='ocrx_word' id='word_1_308' title='bbox 1175 2313 1244 2337; x_wconf 91' lang='lat' dir='ltr'><em>om.</em></span> <span class='ocrx_word' id='word_1_309' title='bbox 1263 2302 1296 2337; x_wconf 91' lang='lat' dir='ltr'><strong>V</strong></span> <span class='ocrx_word' id='word_1_310' title='bbox 1366 2306 1383 2336; x_wconf 74' lang='grc' dir='ltr'><em>ἰ’</em></span> <span class='ocrx_word' id='word_1_311' title='bbox 1411 2300 1638 2349; x_wconf 81' lang='grc' dir='ltr'><em>*ἐπιτρέπωι</em></span> <span class='ocrx_word' id='word_1_312' title='bbox 1663 2305 1694 2338; x_wconf 89' lang='grc' dir='ltr'><strong>Α</strong></span> <span class='ocrx_word' id='word_1_313' title='bbox 1763 2300 1900 2349; x_wconf 77' lang='grc' dir='ltr'><em>*ἡμῶν</em></span> 
     </span>
     <span class='ocr_line' id='line_1_32' title="bbox 228 2354 1900 2405; baseline 0.002 -13"><span class='ocrx_word' id='word_1_314' title='bbox 228 2357 258 2392; x_wconf 90' lang='lat' dir='ltr'><strong>F</strong></span> <span class='ocrx_word' id='word_1_315' title='bbox 332 2362 350 2393; x_wconf 72' lang='lat' dir='ltr'>S</span> <span class='ocrx_word' id='word_1_316' title='bbox 376 2354 440 2394; x_wconf 79' lang='grc' dir='ltr'><em>*δ’</em></span> <span class='ocrx_word' id='word_1_317' title='bbox 465 2369 534 2394; x_wconf 92' lang='lat' dir='ltr'><em>om.</em></span> <span class='ocrx_word' id='word_1_318' title='bbox 557 2359 712 2394; x_wconf 88' lang='lat' dir='ltr'>LAMW</span> <span class='ocrx_word' id='word_1_319' title='bbox 803 2357 1029 2405; x_wconf 73' lang='grc' dir='ltr'><em>*δὀκιμάσῃ]</em></span> <span class='ocrx_word' id='word_1_320' title='bbox 1055 2361 1255 2404; x_wconf 80' lang='grc' dir='ltr'><em>ὁιακομίση</em></span> <span class='ocrx_word' id='word_1_321' title='bbox 1280 2359 1309 2394; x_wconf 90' lang='lat' dir='ltr'>F</span> <span class='ocrx_word' id='word_1_322' title='bbox 1392 2362 1412 2393; x_wconf 85' lang='lat'>9</span> <span class='ocrx_word' id='word_1_323' title='bbox 1437 2357 1660 2405; x_wconf 78' lang='grc' dir='ltr'><em>*φρουροὺς</em></span> <span class='ocrx_word' id='word_1_324' title='bbox 1684 2370 1753 2396; x_wconf 90' lang='lat' dir='ltr'><em>om.</em></span> <span class='ocrx_word' id='word_1_325' title='bbox 1778 2359 1900 2395; x_wconf 83' lang='lat' dir='ltr'><em>AMW</em></span> 
     </span>
    </p>

    <p class='ocr_par' dir='ltr' id='par_1_11' title="bbox 222 2411 1900 3028">
     <span class='ocr_line' id='line_1_33' title="bbox 342 2411 1852 2462; baseline 0 -12"><span class='ocrx_word' id='word_1_326' title='bbox 342 2413 596 2462; x_wconf 79' lang='grc' dir='ltr'><em>*καταστήσω</em></span> <span class='ocrx_word' id='word_1_327' title='bbox 622 2416 651 2449; x_wconf 91' lang='lat' dir='ltr'>L</span> <span class='ocrx_word' id='word_1_328' title='bbox 676 2414 910 2461; x_wconf 70' lang='grc' dir='ltr'><em>καταστῆσαι</em></span> <span class='ocrx_word' id='word_1_329' title='bbox 938 2416 1019 2452; x_wconf 89' lang='lat' dir='ltr'>coni</span> <span class='ocrx_word' id='word_1_330' title='bbox 1088 2412 1203 2460; x_wconf 76' lang='grc' dir='ltr'><em>*ὑμῖν</em></span> <span class='ocrx_word' id='word_1_331' title='bbox 1227 2416 1257 2450; x_wconf 89' lang='lat' dir='ltr'><strong>F</strong></span> <span class='ocrx_word' id='word_1_332' title='bbox 1332 2419 1369 2450; x_wconf 88' lang='lat'><em>10</em></span> <span class='ocrx_word' id='word_1_333' title='bbox 1396 2411 1572 2462; x_wconf 75' lang='grc' dir='ltr'><em>*α’(ρίημι1</em></span> <span class='ocrx_word' id='word_1_334' title='bbox 1598 2411 1700 2462; x_wconf 77' lang='grc' dir='ltr'><em>α’φίω</em></span> <span class='ocrx_word' id='word_1_335' title='bbox 1724 2415 1784 2450; x_wconf 90' lang='lat' dir='ltr'><em>PF</em></span> <span class='ocrx_word' id='word_1_336' title='bbox 1788 2415 1852 2450; x_wconf 84' lang='lat' dir='ltr'><em>LV</em></span> 
     </span>
     <span class='ocr_line' id='line_1_34' title="bbox 232 2466 1898 2518; baseline 0 -12"><span class='ocrx_word' id='word_1_337' title='bbox 232 2475 268 2505; x_wconf 86' lang='lat'><em>11</em></span> <span class='ocrx_word' id='word_1_338' title='bbox 298 2472 425 2517; x_wconf 79' lang='grc' dir='ltr'><em>*μηδὲΙ</em></span> <span class='ocrx_word' id='word_1_339' title='bbox 449 2469 499 2518; x_wconf 86' lang='grc' dir='ltr'><em>μὴ</em></span> <span class='ocrx_word' id='word_1_340' title='bbox 523 2472 563 2507; x_wconf 87' lang='grc' dir='ltr'><strong>Μ</strong></span> <span class='ocrx_word' id='word_1_341' title='bbox 655 2471 714 2515; x_wconf 80' lang='grc' dir='ltr'><em>τὰ]</em></span> <span class='ocrx_word' id='word_1_342' title='bbox 740 2487 786 2510; x_wconf 83' lang='grc' dir='ltr'><em>τα</em></span> <span class='ocrx_word' id='word_1_343' title='bbox 812 2475 890 2509; x_wconf 83' lang='grc' dir='ltr'><em>τῶν</em></span> <span class='ocrx_word' id='word_1_344' title='bbox 913 2473 944 2507; x_wconf 89' lang='grc' dir='ltr'>Ε</span> <span class='ocrx_word' id='word_1_345' title='bbox 1048 2475 1087 2507; x_wconf 86' lang='grc'><strong>12</strong></span> <span class='ocrx_word' id='word_1_346' title='bbox 1113 2470 1226 2518; x_wconf 73' lang='grc' dir='ltr'><em>ἑορτὴ</em></span> <span class='ocrx_word' id='word_1_347' title='bbox 1253 2466 1384 2508; x_wconf 65' lang='grc' dir='ltr'><em>ἅπασα</em></span> <span class='ocrx_word' id='word_1_348' title='bbox 1411 2472 1443 2506; x_wconf 92' lang='grc' dir='ltr'><strong>Ε</strong></span> <span class='ocrx_word' id='word_1_349' title='bbox 1535 2474 1610 2514; x_wconf 81' lang='grc' dir='ltr'><em>καὶ]</em></span> <span class='ocrx_word' id='word_1_350' title='bbox 1637 2471 1674 2508; x_wconf 78' lang='grc' dir='ltr'><em>αἱ</em></span> <span class='ocrx_word' id='word_1_351' title='bbox 1698 2470 1898 2514; x_wconf 84' lang='lat' dir='ltr'>LAMWE,</span> 
     </span>
     <span class='ocr_line' id='line_1_35' title="bbox 229 2522 1900 2576; baseline 0.001 -13"><span class='ocrx_word' id='word_1_352' title='bbox 229 2538 297 2563; x_wconf 91' lang='lat' dir='ltr'><em>om.</em></span> <span class='ocrx_word' id='word_1_353' title='bbox 324 2528 388 2563; x_wconf 89' lang='lat' dir='ltr'><em>FV</em></span> <span class='ocrx_word' id='word_1_354' title='bbox 461 2532 500 2565; x_wconf 89' lang='lat'><em>13</em></span> <span class='ocrx_word' id='word_1_355' title='bbox 524 2526 659 2576; x_wconf 75' lang='grc' dir='ltr'><em>ἡμέραι</em></span> <span class='ocrx_word' id='word_1_356' title='bbox 684 2529 874 2564; x_wconf 79' lang='lat' dir='ltr'>LAMWE</span> <span class='ocrx_word' id='word_1_357' title='bbox 968 2526 1075 2571; x_wconf 86' lang='grc' dir='ltr'><em>*τὸν]</em></span> <span class='ocrx_word' id='word_1_358' title='bbox 1100 2525 1171 2566; x_wconf 86' lang='grc' dir='ltr'><em>τὸν</em></span> <span class='ocrx_word' id='word_1_359' title='bbox 1194 2525 1228 2565; x_wconf 81' lang='grc' dir='ltr'><em>δ’</em></span> <span class='ocrx_word' id='word_1_360' title='bbox 1247 2528 1398 2564; x_wconf 82' lang='lat' dir='ltr'>LAMW</span> <span class='ocrx_word' id='word_1_361' title='bbox 1496 2531 1537 2564; x_wconf 78' lang='lat'><em>14</em></span> <span class='ocrx_word' id='word_1_362' title='bbox 1562 2522 1900 2575; x_wconf 78' lang='grc' dir='ltr'><em>*άνεπερεοῖστουσ</em></span> 
     </span>
     <span class='ocr_line' id='line_1_36' title="bbox 228 2580 1899 2633; baseline 0.001 -14"><span class='ocrx_word' id='word_1_363' title='bbox 228 2584 256 2618; x_wconf 87' lang='grc' dir='ltr'>Ρ</span> <span class='ocrx_word' id='word_1_364' title='bbox 282 2580 584 2632; x_wconf 81' lang='grc' dir='ltr'><em>α’νεπιρεάστουσ</em></span> <span class='ocrx_word' id='word_1_365' title='bbox 608 2586 638 2620; x_wconf 94' lang='lat' dir='ltr'>L</span> <span class='ocrx_word' id='word_1_366' title='bbox 714 2590 752 2620; x_wconf 82' lang='lat'><em>15</em></span> <span class='ocrx_word' id='word_1_367' title='bbox 778 2583 872 2623; x_wconf 86' lang='grc' dir='ltr'><em>τοὺσ</em></span> <span class='ocrx_word' id='word_1_368' title='bbox 889 2586 935 2620; x_wconf 92' lang='lat' dir='ltr'>W</span> <span class='ocrx_word' id='word_1_369' title='bbox 1006 2584 1240 2633; x_wconf 79' lang='grc' dir='ltr'><em>*ἐπιτρέπωι</em></span> <span class='ocrx_word' id='word_1_370' title='bbox 1258 2587 1290 2620; x_wconf 89' lang='grc' dir='ltr'><strong>Α</strong></span> <span class='ocrx_word' id='word_1_371' title='bbox 1360 2584 1467 2631; x_wconf 78' lang='grc' dir='ltr'><em>μέχρι</em></span> <span class='ocrx_word' id='word_1_372' title='bbox 1486 2584 1704 2620; x_wconf 88' lang='lat' dir='ltr'>FLAMVW</span> <span class='ocrx_word' id='word_1_373' title='bbox 1779 2588 1815 2619; x_wconf 75' lang='lat'><em>17</em></span> <span class='ocrx_word' id='word_1_374' title='bbox 1834 2587 1899 2622; x_wconf 84' lang='grc' dir='ltr'><em>καὶ</em></span> 
     </span>
     <span class='ocr_line' id='line_1_37' title="bbox 229 2639 1897 2689; baseline 0.002 -14"><span class='ocrx_word' id='word_1_375' title='bbox 229 2652 297 2676; x_wconf 92' lang='lat' dir='ltr'><em>om.</em></span> <span class='ocrx_word' id='word_1_376' title='bbox 323 2642 370 2676; x_wconf 88' lang='lat' dir='ltr'>W</span> <span class='ocrx_word' id='word_1_377' title='bbox 439 2639 546 2687; x_wconf 80' lang='grc' dir='ltr'><em>ἐμὸν]</em></span> <span class='ocrx_word' id='word_1_378' title='bbox 571 2643 640 2688; x_wconf 79' lang='grc' dir='ltr'><em>μὲν</em></span> <span class='ocrx_word' id='word_1_379' title='bbox 664 2644 695 2678; x_wconf 94' lang='lat' dir='ltr'>L</span> <span class='ocrx_word' id='word_1_380' title='bbox 765 2640 1051 2689; x_wconf 76' lang='grc' dir='ltr'><em>καταλαμβάνει</em></span> <span class='ocrx_word' id='word_1_381' title='bbox 1076 2643 1115 2677; x_wconf 90' lang='grc' dir='ltr'><strong>Μ</strong></span> <span class='ocrx_word' id='word_1_382' title='bbox 1188 2645 1227 2678; x_wconf 79' lang='grc'><strong>18</strong></span> <span class='ocrx_word' id='word_1_383' title='bbox 1254 2642 1303 2684; x_wconf 80' lang='grc' dir='ltr'><em>δὲ]</em></span> <span class='ocrx_word' id='word_1_384' title='bbox 1330 2642 1367 2677; x_wconf 81' lang='grc' dir='ltr'><em>δὲ</em></span> <span class='ocrx_word' id='word_1_385' title='bbox 1392 2643 1455 2677; x_wconf 79' lang='grc' dir='ltr'><em>καὶ</em></span> <span class='ocrx_word' id='word_1_386' title='bbox 1472 2641 1569 2675; x_wconf 88' lang='lat' dir='ltr'><em>FLV</em></span> <span class='ocrx_word' id='word_1_387' title='bbox 1640 2643 1680 2675; x_wconf 87' lang='grc'><em>19</em></span> <span class='ocrx_word' id='word_1_388' title='bbox 1704 2639 1897 2688; x_wconf 81' lang='grc' dir='ltr'><em>ἐπιτρέπω</em></span> 
     </span>
     <span class='ocr_line' id='line_1_38' title="bbox 229 2696 1899 2747; baseline 0.001 -15"><span class='ocrx_word' id='word_1_389' title='bbox 229 2717 272 2722; x_wconf 83' lang='grc'><strong>-</strong></span> <span class='ocrx_word' id='word_1_390' title='bbox 291 2700 333 2732; x_wconf 85' lang='lat'><em>22</em></span> <span class='ocrx_word' id='word_1_391' title='bbox 349 2696 551 2744; x_wconf 79' lang='grc' dir='ltr'><em>βούλομαι]</em></span> <span class='ocrx_word' id='word_1_392' title='bbox 575 2700 766 2747; x_wconf 76' lang='lat' dir='ltr'><em>praecipio</em></span> <span class='ocrx_word' id='word_1_393' title='bbox 782 2710 872 2734; x_wconf 78' lang='lat' dir='ltr'><em>uero</em></span> <span class='ocrx_word' id='word_1_394' title='bbox 891 2700 978 2735; x_wconf 61' lang='lat' dir='ltr'><em>meis*</em></span> <span class='ocrx_word' id='word_1_395' title='bbox 1002 2701 1133 2735; x_wconf 81' lang='lat' dir='ltr'><em>uestris</em></span> <span class='ocrx_word' id='word_1_396' title='bbox 1158 2699 1210 2733; x_wconf 82' lang='lat' dir='ltr'><em>uti</em></span> <span class='ocrx_word' id='word_1_397' title='bbox 1227 2697 1367 2745; x_wconf 72' lang='lat' dir='ltr'><em>lcqibus</em></span> <span class='ocrx_word' id='word_1_398' title='bbox 1383 2708 1516 2743; x_wconf 78' lang='lat' dir='ltr'><em>casque</em></span> <span class='ocrx_word' id='word_1_399' title='bbox 1532 2697 1715 2732; x_wconf 77' lang='lat' dir='ltr'><em>custodire</em></span> <span class='ocrx_word' id='word_1_400' title='bbox 1731 2703 1766 2733; x_wconf 75' lang='lat' dir='ltr'><em>et</em></span> <span class='ocrx_word' id='word_1_401' title='bbox 1783 2699 1899 2733; x_wconf 77' lang='lat' dir='ltr'><em>tribus</em></span> 
     </span>
     <span class='ocr_line' id='line_1_39' title="bbox 222 2751 1852 2800; baseline 0.001 -13"><span class='ocrx_word' id='word_1_402' title='bbox 222 2755 430 2800; x_wconf 77' lang='lat' dir='ltr'><em>propositis</em></span> <span class='ocrx_word' id='word_1_403' title='bbox 446 2756 481 2789; x_wconf 79' lang='lat' dir='ltr'><em>in</em></span> <span class='ocrx_word' id='word_1_404' title='bbox 500 2756 606 2791; x_wconf 76' lang='lat' dir='ltr'><em>iudea</em></span> <span class='ocrx_word' id='word_1_405' title='bbox 624 2756 793 2792; x_wconf 76' lang='lat' dir='ltr'><em>oboedire</em></span> <span class='ocrx_word' id='word_1_406' title='bbox 808 2755 879 2790; x_wconf 83' lang='lat' dir='ltr'><em>Lat</em></span> <span class='ocrx_word' id='word_1_407' title='bbox 950 2758 991 2791; x_wconf 78' lang='lat'><em>20</em></span> <span class='ocrx_word' id='word_1_408' title='bbox 1011 2759 1103 2799; x_wconf 82' lang='grc' dir='ltr'><em>τοῖς]</em></span> <span class='ocrx_word' id='word_1_409' title='bbox 1122 2761 1208 2792; x_wconf 87' lang='grc' dir='ltr'><em>τοῖσ</em></span> <span class='ocrx_word' id='word_1_410' title='bbox 1226 2751 1351 2791; x_wconf 69' lang='grc' dir='ltr'><em>αὐτῶν</em></span> <span class='ocrx_word' id='word_1_411' title='bbox 1368 2754 1474 2788; x_wconf 72' lang='grc' dir='ltr'><em>ΑΜΕ</em></span> <span class='ocrx_word' id='word_1_412' title='bbox 1547 2755 1753 2799; x_wconf 73' lang='grc' dir='ltr'><em>*πατρίοις</em></span> <span class='ocrx_word' id='word_1_413' title='bbox 1771 2754 1852 2790; x_wconf 89' lang='lat' dir='ltr'>coni</span> 
     </span>
     <span class='ocr_line' id='line_1_40' title="bbox 230 2809 1897 2859; baseline 0.001 -14"><span class='ocrx_word' id='word_1_414' title='bbox 230 2809 435 2856; x_wconf 76' lang='grc' dir='ltr'><em>φυλάσσειν</em></span> <span class='ocrx_word' id='word_1_415' title='bbox 458 2812 678 2848; x_wconf 86' lang='lat' dir='ltr'>FLAMVW</span> <span class='ocrx_word' id='word_1_416' title='bbox 772 2816 810 2848; x_wconf 85' lang='lat'><em>21</em></span> <span class='ocrx_word' id='word_1_417' title='bbox 840 2815 964 2859; x_wconf 82' lang='grc' dir='ltr'><em>τρισσὶ</em></span> <span class='ocrx_word' id='word_1_418' title='bbox 987 2812 1017 2847; x_wconf 92' lang='lat' dir='ltr'>L</span> <span class='ocrx_word' id='word_1_419' title='bbox 1111 2818 1192 2854; x_wconf 85' lang='grc' dir='ltr'><em>τοῖς</em></span> <span class='ocrx_word' id='word_1_420' title='bbox 1216 2822 1283 2847; x_wconf 89' lang='lat' dir='ltr'><em>om.</em></span> <span class='ocrx_word' id='word_1_421' title='bbox 1309 2810 1463 2845; x_wconf 85' lang='lat' dir='ltr'>LAMW</span> <span class='ocrx_word' id='word_1_422' title='bbox 1535 2810 1835 2856; x_wconf 77' lang='grc' dir='ltr'><em>προσκειμένοις]</em></span> <span class='ocrx_word' id='word_1_423' title='bbox 1853 2819 1897 2846; x_wconf 85' lang='lat' dir='ltr'><em>ex</em></span> 
     </span>
     <span class='ocr_line' id='line_1_41' title="bbox 229 2865 1848 2917; baseline -0.001 -15"><span class='ocrx_word' id='word_1_424' title='bbox 229 2867 393 2903; x_wconf 80' lang='lat' dir='ltr'>Maccab.</span> <span class='ocrx_word' id='word_1_425' title='bbox 421 2869 564 2904; x_wconf 84' lang='lat' dir='ltr'>Bekker</span> <span class='ocrx_word' id='word_1_426' title='bbox 588 2869 857 2917; x_wconf 76' lang='grc' dir='ltr'><em>προκειμένοισ</em></span> <span class='ocrx_word' id='word_1_427' title='bbox 882 2869 985 2905; x_wconf 88' lang='lat' dir='ltr'>codd.</span> <span class='ocrx_word' id='word_1_428' title='bbox 1096 2872 1152 2916; x_wconf 74' lang='grc' dir='ltr'><em>τῇ]</em></span> <span class='ocrx_word' id='word_1_429' title='bbox 1179 2869 1326 2904; x_wconf 88' lang='lat' dir='ltr'>Grotius</span> <span class='ocrx_word' id='word_1_430' title='bbox 1351 2877 1394 2901; x_wconf 85' lang='lat' dir='ltr'><em>ex</em></span> <span class='ocrx_word' id='word_1_431' title='bbox 1418 2866 1584 2901; x_wconf 80' lang='lat' dir='ltr'>Maccab.</span> <span class='ocrx_word' id='word_1_432' title='bbox 1610 2865 1652 2902; x_wconf 79' lang='grc' dir='ltr'><em>ἐν</em></span> <span class='ocrx_word' id='word_1_433' title='bbox 1678 2869 1720 2913; x_wconf 85' lang='grc' dir='ltr'><em>τῆ</em></span> <span class='ocrx_word' id='word_1_434' title='bbox 1746 2867 1848 2902; x_wconf 89' lang='lat' dir='ltr'>codd.</span> 
     </span>
     <span class='ocr_line' id='line_1_42' title="bbox 231 2922 1850 2970; baseline 0 -12"><span class='ocrx_word' id='word_1_435' title='bbox 231 2927 375 2968; x_wconf 82' lang='grc' dir='ltr'><em>νομοῖς]</em></span> <span class='ocrx_word' id='word_1_436' title='bbox 395 2925 541 2961; x_wconf 80' lang='lat' dir='ltr'>Grotius</span> <span class='ocrx_word' id='word_1_437' title='bbox 559 2924 697 2970; x_wconf 85' lang='grc' dir='ltr'><em>νόμοισ</em></span> <span class='ocrx_word' id='word_1_438' title='bbox 713 2926 816 2962; x_wconf 89' lang='lat' dir='ltr'>codd.</span> <span class='ocrx_word' id='word_1_439' title='bbox 887 2922 1160 2963; x_wconf 74' lang='grc' dir='ltr'><em>ἐπιτάσσεσθαι</em></span> <span class='ocrx_word' id='word_1_440' title='bbox 1179 2925 1325 2960; x_wconf 84' lang='lat' dir='ltr'>Grotius</span> <span class='ocrx_word' id='word_1_441' title='bbox 1395 2927 1437 2958; x_wconf 80' lang='lat'><em>22</em></span> <span class='ocrx_word' id='word_1_442' title='bbox 1455 2923 1493 2960; x_wconf 76' lang='grc' dir='ltr'><em>δὲ</em></span> <span class='ocrx_word' id='word_1_443' title='bbox 1511 2933 1580 2958; x_wconf 86' lang='lat' dir='ltr'><em>om.</em></span> <span class='ocrx_word' id='word_1_444' title='bbox 1596 2922 1850 2958; x_wconf 79' lang='lat' dir='ltr'>FLAMVWE</span> 
     </span>
     <span class='ocr_line' id='line_1_43' title="bbox 228 2977 1584 3028; baseline -0.001 -12"><span class='ocrx_word' id='word_1_445' title='bbox 228 2982 359 3027; x_wconf 81' lang='grc' dir='ltr'><em>μηδεὶσ</em></span> <span class='ocrx_word' id='word_1_446' title='bbox 384 2980 414 3015; x_wconf 83' lang='grc' dir='ltr'>Ε</span> <span class='ocrx_word' id='word_1_447' title='bbox 509 2984 550 3017; x_wconf 86' lang='grc'><em>23</em></span> <span class='ocrx_word' id='word_1_448' title='bbox 574 2980 675 3028; x_wconf 71' lang='grc' dir='ltr'><em>*ἔχει</em></span> <span class='ocrx_word' id='word_1_449' title='bbox 700 2982 730 3017; x_wconf 87' lang='lat' dir='ltr'><strong>F</strong></span> <span class='ocrx_word' id='word_1_450' title='bbox 823 2979 922 3019; x_wconf 80' lang='grc' dir='ltr'><em>*τὸν</em></span> <span class='ocrx_word' id='word_1_451' title='bbox 947 2981 993 3016; x_wconf 91' lang='lat' dir='ltr'>W</span> <span class='ocrx_word' id='word_1_452' title='bbox 1086 2977 1135 3023; x_wconf 74' lang='grc' dir='ltr'><em>δ’]</em></span> <span class='ocrx_word' id='word_1_453' title='bbox 1161 2981 1198 3018; x_wconf 74' lang='grc' dir='ltr'><em>δὲ</em></span> <span class='ocrx_word' id='word_1_454' title='bbox 1224 2980 1376 3015; x_wconf 82' lang='lat' dir='ltr'>FAMW</span> <span class='ocrx_word' id='word_1_455' title='bbox 1403 2980 1439 3017; x_wconf 76' lang='grc' dir='ltr'><em>δὲ</em></span> <span class='ocrx_word' id='word_1_456' title='bbox 1464 2982 1525 3015; x_wconf 79' lang='grc' dir='ltr'><em>καὶ</em></span> <span class='ocrx_word' id='word_1_457' title='bbox 1553 2980 1584 3015; x_wconf 89' lang='grc' dir='ltr'>Ε</span> 
     </span>
    </p>
   </div>
   <div class='ocr_carea' id='block_1_5' title="bbox 1929 943 1967 978">
    <p class='ocr_par' dir='ltr' id='par_1_12' title="bbox 1929 943 1967 978">
     <span class='ocr_line' id='line_1_44' title="bbox 1929 943 1967 978; baseline 0 0"><span class='ocrx_word' id='word_1_458' title='bbox 1929 943 1967 978; x_wconf 81' lang='lat'><em>10</em></span> 
     </span>
    </p>
   </div>
   <div class='ocr_carea' id='block_1_6' title="bbox 1930 1283 1968 1316">
    <p class='ocr_par' dir='ltr' id='par_1_13' title="bbox 1930 1283 1968 1316">
     <span class='ocr_line' id='line_1_45' title="bbox 1930 1283 1968 1316; baseline 0 0"><span class='ocrx_word' id='word_1_459' title='bbox 1930 1283 1968 1316; x_wconf 86' lang='lat'><em>15</em></span> 
     </span>
    </p>
   </div>
   <div class='ocr_carea' id='block_1_7' title="bbox 2032 0 2105 3377">
    <p class='ocr_par' dir='ltr' id='par_1_14' title="bbox 2032 0 2105 3377">
     <span class='ocr_line' id='line_1_46' title="bbox 2032 0 2105 3377; baseline 0 0"><span class='ocrx_word' id='word_1_460' title='bbox 2032 0 2105 3377; x_wconf 95' lang='lat' dir='ltr'><em> </em></span> 
     </span>
    </p>
   </div>
  </div>
 </body>
</html>
