2029 3392
814 209 1005 244 Praefatio.
1645 213 1670 246 X
1682 213 1740 247 LV

76 326 371 370 Berolinensia.
424 324 549 377 igitur
581 324 697 366 XVII
731 339 768 378 p.
793 328 859 375 113,
883 327 905 362 3
942 323 1188 370 ψεύδεσθαι
1230 324 1333 366 dant
1369 338 1460 366 vum
1498 325 1550 373 F„;
1603 330 1644 365 11
1683 326 1737 377 μ’)

72 409 166 438 cum
192 394 241 447 h:;
275 397 340 447 tl-t,
365 396 377 433 1
408 390 477 432 ἐπὶ
507 405 600 433 eum
625 393 675 442 1²3
718 396 761 432 13
796 393 991 443 ἔπρασσε
1024 405 1114 432 cum
1142 391 1196 442 Ε;
1229 406 1264 446 p.
1291 395 1356 444 95,
1380 395 1402 432 :3
1437 387 1535 431 οἶδα
1567 406 1658 434 eum
1685 394 1738 435 1⁴3:

74 477 112 517 p.
138 465 224 515 121,
248 465 270 500 ἴ)
303 456 394 500 ἀντὶ
422 472 514 501 cum
540 460 587 511 I';
623 462 675 499 ’21)
706 457 920 511 βασιλείῃ]
943 472 1032 500 cum
1061 459 1139 500 l’E.
1193 459 1256 500 liis
1280 459 1591 501 demonstratur
1616 461 1738 502 Bero-

74 530 276 572 linensem
308 527 409 570 nulli
441 526 629 569 codicum
663 526 932 580 superstitum
965 539 1010 566 se
1034 525 1264 579 addixisse,
1297 527 1372 568 sed
1403 541 1534 581 genus
1567 528 1655 569 cius
1687 542 1738 570 cx

73 596 260 652 pluribus
301 595 475 637 mixtum
518 608 622 636 esse.
683 606 766 646 qua
806 598 944 634 autem
986 598 1126 635 aetate
1169 600 1260 635 orta
1299 594 1352 635 sit
1393 594 1497 637 haec
1538 596 1740 646 recensio,

71 663 300 715 nescimus;
343 662 562 716 probabile
603 667 741 704 tamen
777 661 963 710 uidetur,
1003 661 1172 702 saeculo
1207 663 1291 704 t'erc
1324 662 1401 703 XV
1433 668 1529 716 post
1570 667 1740 704 renatas

72 732 234 775 litteras
265 729 474 782 extitisse,
517 730 721 783 quaedem
755 730 864 771 enim
908 729 1055 781 babet,
1097 742 1204 783 quae
1247 731 1285 771 in
1327 731 1510 772 editione
1552 731 1738 785 principe

72 799 351 855 reperiuntur,
393 803 435 838 ut
467 797 566 839 XIV
597 811 636 852 p.
661 800 754 850 323,
778 800 801 837 2
843 794 901 845 ὡς
939 793 1218 845 ὀκτακοσίους
1250 803 1291 838 et
1329 800 1351 837 3
1386 798 1738 850 προσλαμβάνων

71 871 113 910 et
143 866 263 909 XVII
295 880 334 920 p.
357 869 423 918 053,
447 867 471 907 8
503 864 572 906 καὶ
605 862 692 905 τὸν.
744 869 785 907 et
816 864 1068 907 monendum
1101 870 1165 906 est
1197 878 1268 916 ea,
1310 878 1418 918 quae
1454 866 1568 908 solus
1611 866 1739 908 habet

71 948 153 978 non
185 948 340 989 pauca,
376 938 448 974 aut
479 937 674 987 corrupta
705 939 777 975 aut
807 934 952 974 relicta
984 946 1076 975 esse
1110 946 1243 986 neque
1275 934 1499 986 quicquam
1533 933 1652 988 probi
1685 934 1738 974 ab

71 1016 121 1046 eo
152 1002 320 1055 adferri,
353 1002 468 1043 uelut
498 1002 597 1043 XIV
617 1015 655 1055 p.
679 1003 773 1054 322,
797 1005 845 1042 15
879 1002 924 1041 αἳ
955 1001 1028 1043 dat
1058 1015 1133 1055 pro
1166 1000 1230 1054 ἓξ,
1269 1003 1312 1041 17
1339 1000 1472 1040 αὑτοῦ
1495 1014 1569 1055 pro
1594 998 1740 1053 αι’-τήν,

71 1084 108 1126 p.
133 1073 228 1125 324,
251 1074 273 1112 3
307 1069 353 1111 δὲ
385 1067 515 1118 αὐτὸς
546 1082 620 1123 pro
654 1067 696 1108 δ’
722 1064 872 1123 οὗτος,
914 1073 935 1111 7
971 1069 1111 1110 εἴκετο
1137 1083 1211 1124 pro
1236 1067 1400 1121 εἵπετο,
1441 1082 1480 1123 p.
1503 1070 1640 1119 383,4
1674 1068 1738 1121 εἴη

70 1137 142 1180 καὶ
173 1137 381 1191 θνῄσκειν
413 1136 558 1193 ριόεἰ
588 1136 657 1178 καὶ
692 1135 939 1192 θνήσκοιεν,
981 1139 1005 1179 6
1040 1135 1178 1178 ἐδόκει
1211 1133 1446 1189 ἐξυβρίζειν
1472 1150 1547 1191 pro
1570 1134 1739 1189 ἐξυβρί-

73 1206 159 1258 ζειν
192 1204 342 1260 ἒδόκει,
378 1209 427 1247 10
459 1204 625 1255 μέλλων
657 1218 730 1259 pro
762 1204 978 1259 μέλλοντι,
1017 1219 1056 1259 p.
1081 1207 1175 1256 391,
1200 1207 1245 1245 19
1279 1200 1428 1252 αὐτοῖς
1458 1203 1740 1257 χαριζόμενος

73 1287 148 1329 pro
170 1269 301 1315 αὐτοῦ
325 1272 649 1326 στοχαζόμενος,
681 1273 800 1315 XVII
822 1286 861 1327 p.
880 1275 945 1326 93,
966 1277 1010 1313 15
1034 1272 1349 1327 φανερούμενοι
1371 1286 1447 1327 pro
1467 1271 1739 1325 φωρώμενοι,

74 1344 126 1383 20
158 1338 270 1394 ἅιεερ
302 1355 376 1396 pro
410 1342 524 1393 περὶ,
565 1355 603 1395 p.
626 1343 692 1393 04,
715 1343 739 1379 5)
772 1343 838 1380 καὶ
875 1340 948 1380 διὰ
979 1354 1054 1394 pro
1088 1339 1160 1381 διὰ
1191 1341 1372 1393 aliaque.
1426 1340 1535 1382 unde
1563 1344 1740 1394 apparet

75 1422 170 1451 eum
203 1408 367 1452 etiamsi
399 1408 645 1461 antiquioris
676 1409 729 1449 sit
759 1408 982 1462 prosapiae
1015 1421 1139 1460 quam
1166 1422 1295 1463 supra
1316 1409 1489 1461 conieci,
1521 1415 1661 1449 tamen
1685 1407 1739 1449 ad

75 1476 383 1520 emendandum
417 1477 640 1530 Iosephum
671 1477 773 1518 nibil
807 1476 944 1518 facere
976 1490 1052 1518 nec
1084 1476 1255 1529 dignum
1288 1490 1399 1529 esse,
1435 1476 1505 1528 qui
1538 1476 1577 1517 in
1610 1475 1739 1517 adno-

74 1545 275 1587 tationem
307 1545 493 1586 criticam
525 1544 760 1598 recipiatur.

188 1611 331 1654 Codex
354 1611 584 1653 Vossianus
615 1612 683 1652 uel
716 1611 1104 1665 Lugdunobatauus
1127 1611 1243 1662 (LE)
1275 1611 1386 1653 haud
1418 1611 1616 1664 exiguam
1639 1611 1737 1652 olim

75 1680 231 1721 habere
263 1679 486 1720 uidebatur
516 1679 820 1730 auctoritatem,
854 1691 946 1720 eum
978 1691 1031 1721 cx
1054 1693 1103 1722 eo
1132 1693 1157 1720 a
1181 1679 1328 1720 Vossio
1360 1679 1500 1721 editae
1530 1678 1612 1721 sint
1642 1678 1737 1720 libri

74 1746 172 1789 XIV
194 1746 358 1788 litterae
382 1746 678 1800 imperatorum
702 1746 986 1788 Romanorum
1009 1750 1050 1788 et
1072 1746 1303 1788 ciuitatium
1327 1746 1597 1797 Graecarum,
1630 1759 1739 1798 quae

72 1816 114 1857 in
154 1814 337 1857 editione
377 1813 564 1868 principe
603 1813 966 1856 desiderabantur.
1030 1827 1140 1855 nune
1180 1826 1280 1855 uero
1320 1813 1514 1868 apparuit
1553 1825 1645 1854 eum
1686 1827 1740 1855 ex

74 1881 219 1925 codice
249 1881 528 1925 Ambrosiano
558 1882 628 1932 (A)
660 1881 914 1935 descriptum
948 1894 1059 1933 esse3
1091 1882 1271 1936 primum
1305 1882 1415 1923 enim
1446 1881 1614 1924 omnino
1647 1894 1739 1922 eum

73 1963 122 1992 eo
161 1949 221 1992 ita
259 1950 485 2002 consentit,
525 1953 568 1991 ut
608 1949 734 1991 etiam
773 1954 894 1992 notas
934 1949 1210 2002 marginales,
1250 1961 1358 2002 quae
1396 1948 1674 1990 Ambrosiano
1715 1961 1740 1990 a

73 2018 263 2073 pluribus
294 2030 493 2072 aspersae
522 2023 637 2071 sunt,
676 2017 762 2060 fere
793 2030 938 2059 omnes
977 2016 1200 2071 receperit,
1242 2015 1395 2059 deinde
1434 2029 1521 2058 rem
1561 2014 1740 2067 conficit,

73 2086 187 2139 quod
209 2086 250 2127 in
271 2085 378 2128 libro
400 2085 499 2126 XVI
520 2099 561 2140 p.
577 2088 613 2138 7,
633 2088 675 2126 14
693 2108 746 2114 -
763 2087 802 2138 9,
821 2086 844 2126 8
871 2097 980 2137 quae
1001 2085 1043 2126 in
1066 2086 1102 2126 A
1124 2098 1205 2127 uno
1227 2085 1327 2127 folio
1350 2084 1492 2126 exciso
1514 2084 1739 2138 perierunt,

73 2166 126 2196 ea
145 2166 198 2196 ne
218 2153 261 2194 in
279 2153 483 2196 Vossiano
506 2153 676 2206 quidem
707 2158 850 2195 extant
883 2154 1033 2195 lacuna
1063 2166 1146 2194 non
1177 2152 1374 2204 indicata,
1406 2156 1451 2193 ut
1481 2152 1586 2193 haee
1616 2151 1657 2192 in
1689 2164 1738 2192 eo

73 2220 306 2263 habeamus
335 2220 584 2273 βασιλικαῖς
614 2220 692 2271 μὲν
724 2209 759 2260 ὦ
790 2219 965 2272 μέγιστε
997 2215 1213 2273 ἀγρίντπα.
1275 2220 1387 2274 quod
1418 2233 1510 2262 cum
1542 2219 1625 2260 iam
1658 2219 1738 2272 pri·

73 2289 168 2332 dem
199 2288 494 2342 intellexerim,
526 2291 666 2329 tamen
696 2286 849 2330 dubius
880 2287 1129 2341 haerebam,
1163 2291 1253 2331 erat
1283 2288 1394 2330 enim
1417 2288 1486 2329 ubi
1512 2288 1739 2329 Vossianus

73 2356 250 2400 testibus
282 2354 558 2405 Hudsonoet
589 2355 889 2409 Hauerkampo
922 2361 964 2398 et
993 2356 1047 2398 ab
1071 2356 1351 2398 Ambrosiano
1383 2354 1668 2409 discrepantia
1699 2358 1740 2396 et

73 2423 249 2466 meliora
275 2422 472 2465 traderet.
519 2423 634 2465 uelut
662 2423 804 2465 XVIII
828 2425 907 2464 218
932 2426 986 2478 (p.
1010 2426 1098 2477 179,
1116 2427 1184 2474 25)
1214 2425 1293 2464 τοῦ
1313 2421 1422 2464 κατὰ
1442 2420 1518 2474 τὴν
1543 2418 1738 2461 οἰώνισιν

72 2494 338 2546 προμηθοῦς
369 2494 410 2532 et
439 2490 582 2532 XVIII
604 2493 681 2532 337
710 2494 764 2546 (p.
789 2493 970 2545 201,17)
1002 2489 1123 2542 ἄξιος
1155 2490 1197 2532 δ’
1223 2490 1315 2544 εἰμὶ
1346 2490 1388 2532 in
1419 2503 1468 2533 eo
1500 2493 1645 2531 extare
1675 2488 1738 2531 illi

73 2557 228 2601 dieunt.
287 2556 363 2600 sed
394 2571 558 2601 errasse
588 2558 700 2601 uiros
730 2559 826 2602 illos
855 2559 1048 2602 intellexi
1076 2559 1169 2614 ipso
1209 2558 1353 2601 codiee
1390 2559 1599 2613 inspecto,
1639 2571 1738 2599 nam

73 2626 209 2680 priore
239 2626 332 2668 loco
363 2624 522 2680 ταύτην
553 2625 758 2681 οἰώνησιν
789 2629 1069 2680 προμηθοῦς,
1103 2628 1237 2669 altero
1267 2631 1408 2668 autem
1440 2624 1562 2675 ἄξιον
1586 2625 1631 2665 δέ
1661 2639 1738 2675 μοι

75 2692 250 2736 exhibet
279 2706 373 2736 eum
404 2693 578 2746 reliquis
609 2693 728 2736 libris
759 2694 962 2737 omnibus.
1023 2708 1160 2749 neque
1199 2694 1301 2735 alibi
1340 2693 1564 2746 quiequam
1602 2693 1740 2735 adfert

76 2764 243 2815 praeter
262 2760 367 2802 uitia
387 2775 470 2804 non
490 2775 637 2816 pauca,
669 2762 820 2814 quibus
842 2775 934 2804 cum
957 2762 1113 2804 adfecit
1142 2761 1302 2803 librarii
1328 2761 1582 2803 festinantia.
1628 2764 1738 2803 cete-

76 2841 168 2869 rum
207 2828 334 2870 etiam
373 2828 604 2882 scripturae
639 2843 795 2883 genere
832 2833 1170 2883 argumentorum
1210 2829 1354 2870 habitu
1395 2829 1574 2882 aliisque
1612 2829 1737 2871 rebus

77 2894 400 2937 Ambrosianum
430 2897 490 2938 ita
519 2897 724 2952 imitatur,
763 2902 807 2938 ut
837 2897 1009 2938 dubium
1043 2908 1135 2938 esse
1164 2909 1247 2938 non
1277 2897 1429 2951 possit,
1471 2895 1571 2948 quin
1602 2909 1656 2938 ex
1687 2910 1737 2939 eo

79 2965 190 3004 totus
219 2962 375 3016 petitus
405 2964 478 3017 sit;
511 2977 610 3017 ergo
643 2964 897 3007 omittendus
930 2969 1029 3007 erat.
