2107 3377
1087 168 1281 204 Praefati0.

528 311 581 318 —-
602 291 624 337 ξ
649 290 722 328 160
740 289 794 340 (p.
814 287 886 327 361
896 317 906 339 ,
930 283 974 339 2)
992 281 1292 336 ἀνδραγαθίαν
1324 281 1492 334 desunt;
1516 291 1690 332 quorum
1712 278 1803 320 loco
1824 277 2021 330 leguntur

529 357 651 398 haec:
684 353 851 408 εἴρηται
873 351 919 393 δὲ
940 349 994 392 τὰ
1016 349 1118 403 περὶ
1138 353 1215 391 τοῦ
1236 346 1437 390 τοιούτου
1460 344 1657 397 πολέμου
1680 345 1751 386 καὶ
1781 345 1866 398 τῆσ
1896 346 2020 398 νίκησ
2051 394 2057 400 ι

530 420 700 478 ἥρω’δου
741 420 785 463 ἐν
825 418 949 471 ἑτέρα
982 414 1100 474 ἡμῶν
1142 419 1416 470 πραγματεία
1458 416 1749 468 σαφέστερον·
1801 407 2021 463 ὗποστρέ-
2071 411 2074 413 ’

530 504 658 544 sporn
691 487 736 529 δὲ
766 488 826 528 τῶ
862 483 1003 541 ἧρώδη
1044 485 1127 540 τῆσ
1163 485 1249 525 τῶν
1289 479 1463 536 ἇράβων
1501 480 1650 535 χώρασ
1681 478 1752 532 (τὰ
1789 476 1868 533 μὲν
1909 474 2021 519 ἄλλα

530 557 675 598 aalma
706 554 803 608 etc.)
854 558 895 596 et
916 555 940 606 ξ
961 555 1039 595 189
1071 555 1127 606 (p.
1152 554 1246 606 366,
1275 550 1312 605 l)
1333 549 1404 592 καὶ
1427 547 1572 591 πάντα
1592 572 1647 578 —
1668 549 1694 600 ξ
1721 549 1795 589 194
1816 559 1855 600 p.
1879 546 1975 598 367,
1996 545 2022 585 2
2096 544 2097 548 ¹

532 620 925 676 πραγματεύεσθαι
955 620 1016 662 ita
1047 620 1203 663 omissa
1233 623 1341 672 sunt,
1374 622 1418 660 ut
1448 630 1590 660 eorum
1628 617 1766 659 locum
1806 613 2025 656 obtineant

532 692 599 731 καὶ
640 687 777 730 τᾶλλα
809 685 891 729 ὅσα
923 685 1212 740 προείπομεν.
1273 685 1342 726 διὸ
1375 685 1458 736 (καὶ
1491 683 1541 725 τὸ
1574 680 1800 735 διάδημα),
1842 679 2024 732 denique

531 759 681 800 absunt
712 760 735 807 ξ
757 758 832 798 351
867 770 905 811 p.
929 757 1022 807 396,
1045 757 1069 795 9
1110 753 1207 795 τότε
1239 750 1309 794 καὶ
1338 776 1393 782 —-
1424 754 1502 794 353
1525 767 1565 807 p.
1589 753 1684 805 396,
1712 752 1759 792 19
1792 747 2023 791 ἐνδιδόναι.
2096 767 2097 772 ’

532 830 573 868 et
611 829 787 880 apparet
816 823 921 865 haec
953 822 1094 865 omnia
1123 821 1219 864 ideo
1250 834 1331 863 non
1364 824 1534 874 recepta
1564 832 1680 873 esse,
1724 816 1838 871 quod
1866 817 1952 859 iam
1980 813 2025 857 in
2096 810 2098 815 ⁸

532 893 650 935 libris
692 892 743 934 de
783 891 893 933 bello
925 889 1096 932 Iudaico
1129 889 1278 931 eadem
1317 888 1453 930 relata
1492 891 1631 941 erant3
1670 900 1697 928 a
1736 886 1859 929 docto
1897 883 2027 938 igitur

534 960 701 1003 homine
737 959 845 1001 hunc
884 958 1034 1000 librum
1074 956 1325 999 recensitum
1366 968 1458 998 esse
1496 953 1702 996 uidemus.
1761 952 1945 1006 denique
1982 950 2026 993 in

532 1027 628 1070 libri
649 1027 728 1068 XV
748 1026 829 1068 fine
851 1024 949 1067 inde
979 1038 1005 1066 a
1036 1026 1060 1076 ξ
1084 1026 1160 1065 391
1195 1023 1353 1065 uitiatis
1383 1022 1495 1064 foliis
1526 1021 1735 1075 quaedam
1766 1020 2025 1064 interierunt.

534 1107 669 1137 meum
700 1093 742 1134 in
773 1106 894 1135 usum
926 1091 1101 1134 contulit
1131 1092 1343 1144 Augustus
1375 1090 1484 1132 Mau.
1750 1105 1755 1108 ·

396 1168 429 1205 7.
475 1163 522 1200 Μ’
549 1181 603 1195 =
634 1160 768 1203 codex
810 1160 1036 1202 Vaticanus
1076 1173 1136 1213 gr.
1177 1160 1258 1199 984
1297 1157 1524 1211 rescriptus
1563 1169 1673 1199 anno
1714 1169 1754 1210 p.
1788 1154 1884 1196 Chr.
1921 1155 2028 1196 1354

534 1234 731 1272 exaratus
780 1227 963 1270 continet
1010 1226 1309 1278 antiquitatum
1356 1224 1622 1266 Iudaicarum
1663 1223 1868 1264 librorum
1908 1220 2028 1263 I-X

535 1296 760 1351 epitomam
801 1294 931 1336 libros
962 1292 1165 1334 XI—XX
1196 1293 1382 1345 integros
1414 1296 1456 1334 et
1487 1292 1644 1333 bellum
1677 1289 1906 1332 Iudaicum.
1974 1287 2031 1330 ad

535 1376 609 1406 nos
631 1376 724 1404 cum
747 1361 955 1415 pertineat
975 1374 1073 1415 pars
1099 1360 1253 1413 media,
1286 1358 1339 1401 de
1371 1358 1450 1400 hac
1472 1371 1581 1400 nune
1612 1357 1673 1400 eis
1704 1369 1813 1410 quae
1843 1356 1886 1398 in
1906 1354 1991 1398 uol.
2011 1355 2032 1398 I

536 1429 794 1485 praefatione
824 1442 862 1482 p.
885 1428 990 1469 XXI
1022 1426 1111 1468 dixi
1141 1439 1276 1480 pauca
1307 1425 1506 1468 addenda
1536 1428 1644 1467 sunt.
1694 1423 1875 1478 primum
1905 1421 2032 1478 igitur

536 1496 851 1540 memorandum
900 1499 963 1538 est
1004 1494 1101 1536 libri
1140 1495 1240 1536 XIV
1279 1494 1430 1536 abesse
1477 1498 1640 1548 partem
1681 1491 1794 1534 haud
1833 1489 2031 1545 exiguam

532 1568 556 1617 g
583 1567 657 1607 185
681 1579 720 1620 p.
744 1566 837 1617 274,
868 1568 912 1604 10
946 1562 1016 1604 καὶ
1048 1562 1225 1603 Κάτωνι
1256 1587 1310 1591 -
1341 1564 1364 1611 s
1386 1564 1463 1602 301
1494 1575 1533 1615 p.
1556 1562 1651 1614 295,
1684 1561 1706 1601 3
1747 1561 1921 1612 Καῖσαρ
1951 1557 2031 1611 μὲν

536 1634 686 1675 lacuna
707 1633 822 1674 nulla
843 1631 1039 1673 indicata.
1086 1643 1194 1683 quae
1216 1643 1312 1681 non,
1346 1634 1391 1671 ut
1412 1629 1454 1670 in
1476 1628 1511 1670 V
1532 1629 1689 1670 factum
1711 1639 1804 1670 esse
1825 1625 2031 1680 fidemus,

537 1701 725 1743 consulto
766 1699 922 1742 omissa
962 1710 1076 1751 esse,
1126 1696 1200 1738 sed
1241 1703 1475 1751 temporum
1520 1696 1671 1738 iniuria
1714 1695 1775 1737 ita
1822 1694 2032 1737 interiisse

536 1773 725 1823 apparet,
756 1770 800 1809 ut
821 1765 1040 1820 archetypi
1063 1765 1281 1818 quaternio
1304 1778 1409 1807 unus
1441 1763 1659 1807 exciderit.
1715 1763 1851 1805 altera
1880 1762 2034 1805 lacuna

538 1836 578 1876 in
615 1836 719 1878 libro
751 1834 871 1876 XVII
903 1838 1018 1876 extat
1058 1846 1110 1875 ne
1147 1847 1197 1875 ea
1229 1831 1400 1885 quidem
1432 1831 1639 1884 indicata3
1682 1829 1833 1873 transit
1864 1829 1976 1872 enim
2007 1841 2034 1870 a

538 1903 656 1944 XVII
687 1903 783 1954 3¹94
815 1916 853 1956 p.
886 1903 952 1954 ST,
983 1905 1005 1942 3
1048 1901 1132 1940 τῶν
1172 1897 1388 1953 πρότερον
1430 1899 1486 1942 ad
1524 1901 1549 1951 ξ
1571 1901 1652 1940 296
1683 1912 1722 1952 p.
1752 1900 1842 1951 1⁹2ss,
1877 1900 1925 1939 10
1957 1895 2032 1951 τὴν
2098 1932 2099 1938 ,

538 1970 614 2021 μὲν
653 1969 784 2009 αι’-τοῖ’-
815 1969 979 2011 omissis
1011 1980 1119 2020 quae
1157 1967 1414 2010 interiacent.
1479 1971 1663 2009 ceterum
1702 1965 1838 2008 codex
1874 1965 2035 2020 integer

540 2042 614 2090 cst,
647 2049 729 2079 una
759 2048 884 2077 manu
915 2042 1113 2078 exaratus
1142 2037 1472 2088 correcturisque
1494 2035 1641 2090 paucis
1669 2033 1859 2076 affectus.
1910 2037 2034 2077 notae

541 2105 793 2159 marginales
826 2107 971 2145 extant
1002 2104 1088 2145 fere
1119 2103 1272 2146 nullae.
1333 2103 1507 2146 contulit
1537 2104 1752 2156 Augustus
1782 2101 1891 2143 Mau.

406 2177 441 2215 S.
479 2180 511 2206 (¹
534 2192 586 2206 --
609 2172 743 2215 codex
768 2170 1019 2213 Oxoniensis
1043 2171 1326 2214 bibliothecae
1353 2170 1612 2213 Bodleianae
1643 2170 1757 2211 misc.
1780 2182 1839 2223 gr.
1857 2183 1918 2211 nr.
1945 2170 2036 2223 186,

542 2240 593 2283 de
627 2253 707 2292 quo
740 2239 826 2281 dixi
859 2239 899 2280 in
930 2239 1192 2293 praefatione
1225 2239 1304 2281 uol.
1329 2239 1345 2279 I
1369 2253 1407 2293 p.
1431 2239 1482 2280 X.
1540 2238 1660 2279 huius
1690 2249 1789 2292 pars
1810 2236 1960 2279 ultima
1979 2235 2035 2279 ad

546 2310 620 2350 hos
650 2307 779 2349 libros
809 2307 1010 2362 pe1·tinet;
1043 2320 1138 2348 nam
1172 2311 1336 2361 praeter
1366 2306 1495 2348 libros
1517 2306 1635 2347 1—X
1667 2304 1852 2347 continet
1882 2304 2035 2347 librum

541 2376 601 2417 XI
624 2379 665 2418 et
694 2374 856 2417 initium
889 2372 1127 2416 duodecimi
1149 2386 1280 2427 usque
1302 2373 1357 2416 ad
1381 2387 1418 2428 p.
1442 2375 1508 2425 79,
1532 2375 1579 2414 21
1605 2371 1706 2421 τοὺς
1729 2370 1885 2424 ἐμπειρ
1902 2370 2037 2423 (οτα-

542 2444 669 2492 ume),
701 2441 864 2495 reliqua
881 2441 1134 2484 interierunt.
1175 2440 1250 2483 sed
1273 2453 1415 2484 eorum
1438 2453 1546 2494 quae
1566 2445 1711 2483 extant
1728 2440 1832 2483 folia
1847 2442 2037 2482 extrema

544 2510 724 2565 pessime
757 2508 903 2551 habita
933 2515 1048 2562 sunt,
1088 2514 1132 2551 ut
1163 2522 1243 2551 non
1276 2522 1411 2563 pauca
1442 2509 1700 2551 euanuerint.
1761 2512 1803 2550 et
1833 2506 2037 2550 librorum

545 2579 601 2620 Xl
621 2583 662 2620 ct
677 2577 760 2618 XII
778 2581 919 2631 partes
936 2577 1116 2619 selectas
1134 2577 1225 2631 ipse
1243 2577 1514 2630 contuleram,
1537 2575 1648 2619 unde
1664 2576 1718 2618 ad
1736 2575 1838 2627 X1§
1856 2575 2036 2628 69-74,

543 2648 568 2697 ξ
591 2647 824 2697 239-2·11ἱ,
856 2646 880 2696 '3'
903 2646 1122 2686 297—303
1154 2643 1480 2697 (παρασχόντας
1512 2658 1551 2699 p.
1577 2646 1643 2696 62,
1667 2647 1719 2696 ὃ),
1751 2645 1777 2695 ξ
1801 2643 2037 2695 313-323,

542 2716 566 2764 ξ
584 2715 804 2755 336-312
828 2710 1148 2764 (Ἱεροσολύμων
1171 2726 1210 2767 p.
1230 2715 1295 2765 60,
1321 2711 1386 2758 15)
1409 2711 1617 2764 quaedam
1640 2710 1855 2753 adnotaui.
1890 2712 2041 2764 postea

544 2795 636 2823 eum
682 2779 775 2822 libri
811 2779 871 2820 XI
911 2785 952 2822 ct
985 2779 1066 2822 XII
1114 2780 1225 2834 typis
1273 2780 1355 2822 iam
1402 2779 1591 2833 expressi
1631 2785 1793 2831 essent,
1836 2776 2036 2821 beneficio

550 2848 731 2900 Driueri,
765 2847 1008 2901 professoris
1042 2847 1143 2901 regii
1175 2848 1405 2890 litterarum
1440 2846 1740 2889 llcbraicarum
1771 2845 2040 2901 Oxoniensis,

547 2915 623 2959 uiri
657 2915 1005 2967 reuerendissimi,
1039 2915 1222 2958 omnium
1255 2928 1364 2968 quae
1397 2927 1447 2957 ex
1481 2914 1598 2956 libris
1624 2914 1683 2955 XI
1717 2919 1757 2956 ct
1784 2913 1866 2956 XII
1897 2926 2041 2969 super·
