2107 3377
275 190 356 229 376
730 191 889 237 ANTIQ.
913 193 1011 229 IUD.
1035 193 1104 230 XV
1128 197 1308 230 244—250
1331 197 1402 239 (vn.
1418 202 1446 230 7.
1463 197 1496 239 s)

273 306 360 348 νιῦν
405 300 480 348 οὒκ
526 304 647 363 ἔφθη
694 306 877 356 πλείους
917 305 1147 386 διενεγκεῖν
1191 305 1357 364 ἡμέρας
1393 310 1466 351 καὶ
1511 313 1779 392 περιπίπτει
1820 311 1938 370 νόσῳ

161 375 243 414 245
275 372 617 429 δισχερεστάτῃ·
651 371 877 429 φλόγωσις
906 372 990 430 γὰρ
1020 373 1072 431 ἠν
1102 377 1175 419 καὶ
1205 385 1355 427 πεῖσις
1387 375 1498 419 ἰνίου
1527 378 1602 420 καὶ
1631 379 1709 436 τῆς
1741 379 1940 432 διανοίας

274 439 561 498 παραλλαγή·
601 441 689 482 τῶν
719 456 767 483 τε
797 442 1154 496 θεραπευμάτων
1185 438 1358 487 οὐδέν’
1342 440 1367 486 0'
1397 461 1440 487 τι
1469 445 1543 487 καὶ
1573 443 1689 499 πρὸς
1718 440 1939 502 ὠφέλειαν

160 511 243 551 246
276 507 460 564 εξήνυεν,
495 503 590 549 ἀλλ’
618 504 930 590 εναντιοόμενα
959 512 1069 561 τέως
1100 509 1164 561 εἷς
1185 506 1438 568 ἀπόγνωσιν
1468 528 1582 569 ηγεν.
1631 511 1732 556 ὅσοι
1761 530 1809 557 τε
1831 516 1937 571 περὶ

274 571 407 618 αυτὸν
438 573 550 632 ἦσαν
582 574 727 629 ἰατροὶ
757 593 812 617 τα
833 576 913 630 μὲν
935 576 1002 627 οἷς
1033 573 1158 621 αυτοὶ
1189 582 1469 637 προσέφερον
1498 579 1783 638 βοηθήμασιν
1815 578 1940 626 οὐδὲν

272 643 539 699 υπεικούσης
568 644 646 700 τῆς
676 642 821 696 νόσου,
858 643 913 687 τὰ
947 644 994 687 δὲ
1024 647 1097 689 καὶ
1128 648 1207 689 τοῦ
1235 648 1456 701 βασιλέως
1487 664 1562 690 ουκ
1593 647 1766 701 ε’χοντος
1797 645 1941 701 άλλως

271 704 300 767 ἢ
329 709 440 753 κατὰ
471 709 520 752 τὸ
552 708 814 764 βιαζόμενον
846 714 924 768 τῆς
955 707 1206 769 ἀρρωστίας
1237 715 1518 768 διαιτᾶσθαι,
1549 711 1697 758 πάνθ’
1733 715 1801 767 οἷς
1831 715 1941 761 ἐκεῖ·

273 793 347 828 νος
369 776 629 834 ἐπενεχθείη
662 781 870 832 παρέχειν
900 776 1062 835 ἠξίουν,
1094 780 1143 824 τὸ
1176 781 1363 826 δύσελπι
1392 785 1469 841 τῆς
1501 787 1722 841 σωτηρίας
1753 784 1798 827 ἐν
1819 784 1941 836 ἐξου-

272 849 348 902 σίᾳ
376 847 455 902 τῆς
492 845 666 902 διαίτης
697 841 985 898 ἀνατιθέντες
1022 851 1076 905 τῇ
1106 848 1225 906 τύχῃ.
1291 845 1489 900 κάκεῖνος
1518 851 1597 905 μὲν
1637 851 1682 894 ἒν
1712 855 1942 911 Σαμαρείᾳ

270 915 324 969 τῇ
354 913 569 970 κληθείσῃ
600 916 802 971 Σεβαστῇ
831 918 987 959 τοῦτον
1017 915 1095 959 τὸν
1123 917 1295 973 τρόπον
1327 917 1621 974 ἐνοσηλεύετο.

157 983 239 1023 247
388 983 427 1024 8.
467 985 776 1037 Διατρίβοισα
808 983 854 1025 66
886 983 930 1027 ἐν
961 993 1055 1034 τοῖς
1081 981 1400 1040 Ἱεροσολύμοις
1429 981 1695 1041 Ἀλεξάνδρα
1725 989 1796 1030 καὶ
1828 1005 1940 1032 πυν-

270 1051 498 1106 θανομένη
530 1047 586 1090 τὰ
617 1066 697 1091 κατ
742 1046 874 1093 αυτὸν
906 1050 1172 1094 ἐσπουδάκει
1201 1054 1289 1094 τιῦν
1314 1054 1415 1107 περὶ
1448 1052 1527 1110 τὴν
1548 1053 1683 1096 πόλιν
1714 1060 1939 1113 φρουρίων

157 1118 238 1159 248
272 1115 479 1173 εγκρατι]ς
508 1120 736 1172 γενέσθαι.
798 1118 874 1160 6140
908 1114 949 1159 6
985 1110 1057 1175 ἦν,
1101 1120 1145 1161 ἓν
1176 1120 1256 1173 μὲν
1288 1115 1420 1176 αυῖτις
1449 1123 1528 1178 τῆς
1558 1121 1752 1175 πόλεως,
1792 1123 1939 1180 έτερον

271 1183 318 1226 δὲ
347 1186 427 1226 τοῦ
459 1184 599 1239 ἱεροῦ,
641 1187 713 1227 καὶ
744 1184 912 1228 τούτων
945 1186 988 1229 οἱ
1017 1189 1277 1242 κρατοῦντες
1306 1186 1562 1241 ὑποχείριον
1599 1187 1650 1231 τὸ
1682 1192 1775 1233 πᾶν
1806 1190 1940 1243 ε’θνος

269 1250 522 1307 εσχήκασιν·
553 1251 634 1302 τὰς
663 1252 743 1306 ιιὲν
762 1252 845 1308 γὰρ
876 1256 1044 1305 θυσίας
1075 1250 1152 1298 οἰκ
1183 1251 1285 1298 άνευ
1315 1271 1484 1298 τουτων
1517 1255 1610 1299 οἷόν
1639 1271 1688 1298 τε
1714 1259 1938 1312 γενέσθαι,

266 1317 316 1362 τὸ
342 1318 398 1361 δὲ
427 1317 485 1376 μὴ
518 1318 683 1370 ταύτας
714 1321 935 1365 συντελεῖν
967 1317 1113 1366 ουδενὶ
1144 1324 1364 1367 Ἰουδαίων
1396 1322 1581 1366 δυνατὸν
1610 1326 1689 1367 τοῦ
1721 1323 1794 1381 ζην
1824 1323 1940 1368 ἑτοι-

265 1385 452 1443 μότερον
496 1404 548 1429 αν
589 1389 1011 1446 παραχωρησάντων
1050 1384 1077 1449 ἢ
1106 1393 1184 1449 τῆς
1223 1394 1488 1449 θρησκείας,
1529 1390 1581 1449 ἢν
1612 1391 1676 1442 εἷς
1712 1390 1790 1435 τὸν
1827 1391 1940 1435 θεὸν

154 1458 236 1498 249
269 1454 489 1497 ειιόθασιν
522 1455 758 1499 συντελεῖν.
817 1466 912 1508 τοῖς
945 1457 1020 1501 ου’-ν
1052 1458 1128 1503 ἐπὶ
1160 1459 1328 1503 τούτων
1359 1461 1447 1502 τιῦν
1479 1460 1787 1517 φυλακτηρίων
1816 1455 1940 1503 Αλε-

268 1521 433 1577 ξάνδρα
464 1521 760 1580 προσήνεγκεν
791 1524 895 1576 τους
926 1526 1102 1583 λόγους,
1136 1525 1196 1578 ιῦς
1228 1528 1327 1571 δέον
1359 1522 1469 1584 αὐτῇ
1498 1529 1573 1570 καὶ
1601 1536 1695 1578 τοῖς
1726 1526 1773 1578 ἐξ
1796 1525 1939 1584 “Ηρώ-

268 1590 345 1632 δου
377 1590 582 1641 παιδίοις
612 1591 916 1647 παραδοῦναι,
955 1593 1015 1653 μὴ
1047 1597 1121 1639 καὶ
1153 1598 1255 1653 φθῇ
1290 1611 1358 1646 τις
1389 1594 1554 1639 ἐκείνου
1584 1592 1939 1650 μεταλλάξαντος

267 1657 414 1715 ἕτερος
445 1653 862 1715 ἀντιλαμβάνεσθαι
891 1664 981 1705 τῶν
1002 1663 1296 1719 πραγμάτων·
1331 1664 1554 1720 ῥωσθέντι
1583 1663 1664 1717 μὲν
1687 1661 1769 1719 γὰρ
1792 1659 1937 1715 οὐδεὶς

152 1729 234 1769 250
266 1721 600 1783 ἀσφαλέστερον
638 1730 726 1771 τῶν
758 1728 1042 1773 οἰκειοτάτων
1085 1730 1352 1789 διατηρήσει.
1423 1731 1605 1782 τοί-τους
1643 1730 1746 1782 τοὺς
1784 1730 1939 1787 λόγους

267 1789 401 1852 αὐτῆς
431 1790 507 1837 οὐκ
539 1794 746 1847 ἐπιεικῶς
775 1794 972 1854 ἤνεγκαν,
1004 1794 1117 1841 ἀλλὰ
1149 1801 1305 1843 πιστοὶ
1335 1801 1409 1843 καὶ
1440 1798 1517 1842 τὸν
1548 1799 1807 1854 ἔμπροσθεν
1833 1798 1938 1854 χρό-

266 1878 340 1904 νον
371 1858 494 1912 ὅντες
530 1862 596 1906 ἔτι
635 1866 804 1918 μᾶλλον
834 1864 879 1908 ἐν
909 1868 972 1922 τῷ
1003 1866 1105 1909 τότε
1135 1867 1359 1921 διέμειναν
1381 1870 1512 1922 μίσει
1541 1883 1589 1909 τε
1626 1869 1704 1925 τῆς
1732 1862 1938 1918 Ἀλεξάν-

267 1929 373 1985 δρας
402 1931 476 1972 καὶ
506 1933 570 1987 τῷ
600 1927 706 1990 μηδ>
734 1927 858 1976 ὅσιον
879 1930 1212 1989 ὑπολαμβάνειν
1241 1933 1380 1986 ζῶντα
1410 1933 1487 1977 τὸν
1504 1931 1701 1992 Ἡρώδην
1733 1930 1936 1991 ἆπεγνω-
1986 1936 2000 1944 '

376 2089 663 2124 PFLAMVWE
673 2090 744 2125 Lat
756 2090 916 2126 Zonaras
941 2091 958 2125 Ι
981 2102 1016 2136 p.
1032 2094 1108 2126 431.

378 2151 393 2181 1
423 2148 560 2182 πλίουσ
584 2146 612 2180 Ρ
714 2148 878 2189 *mltum
903 2153 938 2184 ει·
959 2148 982 2182 i.
1007 2158 1080 2182 ras.
1105 2149 1137 2181 A
1163 2161 1277 2194 πησισ
1302 2147 1329 2182 Ρ
1429 2147 1565 2190 *ἰνίου]
1597 2151 1667 2195 τῆσ
1691 2148 1789 2184 ἰνίου
1811 2147 1842 2182 F
1867 2150 1936 2185 τοῦ

263 2203 360 2240 ἰνίου
384 2199 505 2249 (ἧνιόυ
528 2203 640 2245 A2w)
668 2203 855 2239 LAMVW
949 2207 967 2237 3
995 2204 1162 2249 ωφέλιαν
1185 2203 1213 2238 P
1313 2207 1333 2237 4
1359 2199 1446 2240 ἀλλ’
1464 2225 1505 2229 -
1530 2199 1631 2250 ἦγεν]
1662 2204 1727 2240 sed
1750 2205 1937 2240 contraria

262 2261 550 2295 inveniebantur.
589 2259 685 2294 ⁴uncle
706 2267 836 2306 postea
861 2261 1114 2307 desperatione
1136 2260 1242 2305 facta
1266 2258 1337 2294 Lat
1445 2261 1550 2304 τέως]
1575 2260 1689 2297 τέλοσ
1713 2260 1933 2296 FLAMVW

377 2320 395 2351 5
422 2312 541 2352 αὑτὸν
564 2316 603 2351 Μ
696 2314 925 2364 βοηθήματα
951 2317 988 2352 Μ
1088 2320 1108 2351 6
1133 2312 1201 2353 οῖ’-κ
1226 2309 1385 2363 «ἔγ-’ψάλλ’
1411 2313 1468 2353 ὥσ
1491 2314 1513 2363 ἢ
1539 2315 1638 2355 κατὰ
1662 2317 1708 2352 W
1808 2321 1828 2353 8
1852 2317 1936 2355 ἐπε·

263 2373 377 2419 νέχθη
393 2370 417 2418 ἧ
433 2373 613 2419 παρέχειν
629 2373 675 2407 W
761 2377 796 2408 11
826 2369 860 2409 δ’
878 2373 1065 2408 LAMWE
1152 2374 1347 2420 πυθομένη
1366 2373 1470 2408 MVE
1496 2385 1575 2409 cum
1592 2374 1751 2410 audisset
1774 2374 1845 2409 Lat

266 2432 303 2463 13
322 2429 360 2466 δὲ
376 2429 450 2464 ΜΕ
470 2432 506 2464 et
523 2439 566 2464 ex
585 2440 675 2465 corr.
691 2430 724 2463 A
796 2434 835 2466 14
854 2433 963 2472 *τοῦ1
990 2425 1105 2467 αὐτοῦ
1124 2433 1191 2467 τοῦ
1208 2430 1247 2464 Μ
1317 2427 1464 2466 τουτων
1481 2430 1529 2472 οἱ]
1548 2444 1734 2468 τοι-τόνου
1751 2430 1778 2465 Ρ
1795 2433 1935 2467 τοῦτον

264 2485 299 2521 οὶ
316 2486 347 2520 Ε
420 2489 459 2521 15
486 2488 565 2527 *τε]
584 2499 616 2522 τι
634 2485 665 2520 L
739 2489 778 2521 16
796 2483 856 2531 τὸ]
875 2489 919 2533 τῆ
936 2487 967 2521 Ε
1036 2485 1085 2533 μὴ
1104 2485 1255 2529 ταύτας]
1272 2484 1321 2532 μὴ
1340 2489 1458 2523 ταῦτα
1476 2486 1604 2522 PFVE
1627 2482 1720 2533 μήτ’
1737 2484 1833 2552 &aava
1857 2486 1888 2520 L

264 2559 371 2601 οῖ”δὲν
388 2564 531 2599 FLWE
613 2565 799 2602 ἰουδαίοισ
816 2565 847 2600 Ε
933 2563 1132 2608 *δυνατὸν]
1159 2562 1318 2610 θεμιτὸν
1334 2565 1373 2600 Μ
1458 2563 1743 2610 *ἑτοιμιότερον
1766 2559 1811 2611 ἦν
1835 2564 1865 2599 L

264 2623 304 2655 18
330 2624 426 2667 *τῆσ
444 2621 472 2655 F
537 2615 632 2657 *οὖν
649 2622 764 2667 suppl.
782 2621 813 2656 L
878 2624 980 2658 *τῶν
998 2624 1264 2670 φυλακτηρίων
1282 2619 1428 2659 τούτων
1445 2625 1490 2657 tr.
1509 2622 1538 2656 L
1603 2625 1644 2657 20
1671 2624 1933 2668 *παραδοῦναι

262 2678 430 2713 πιιιδίοισ
454 2679 497 2712 tr.
517 2678 549 2712 V
635 2680 699 2714 καὶ
724 2689 792 2713 om.
811 2678 843 2713 E
927 2677 1100 2715 *ἐκεῖνον
1124 2679 1154 2713 L
1238 2676 1574 2724 *μεταλλάξαντοσ
1599 2675 1668 2715 τὸν
1691 2680 1782 2725 βίον
1798 2676 1934 2724 ιΪ-’τεροσ

261 2734 340 2773 (litt.
356 2747 426 2770 τοσ
441 2754 482 2759 -
497 2731 634 2781 ἕτεροσ
657 2735 679 2768 i.
699 2744 769 2770 ras.
789 2735 947 2779 pressius
965 2735 1120 2780 scriptae
1137 2746 1182 2770 m.
1202 2737 1221 2769 2
1239 2736 1283 2774 A)
1300 2735 1373 2770 AM
1459 2737 1496 2769 21
1519 2732 1790 2782 ἀντιλαβέσθαι
1810 2735 1842 2770 Ε

262 2790 367 2825 *τῶν
384 2801 452 2825 om.
471 2790 550 2824 LW
643 2790 858 2836 *ῥωσθέντι
884 2812 924 2816 —
953 2794 995 2826 22
1021 2789 1245 2838 διατηρήσει]
1270 2792 1392 2827 dicens
1415 2791 1501 2837 quia
1526 2792 1558 2826 si
1582 2803 1603 2826 α
1628 2791 1751 2827 morbo
1776 2801 1848 2837 quo
1874 2791 1932 2828 de-

263 2847 395 2881 tinetur
420 2847 578 2882 euaserit
605 2850 717 2883 tutius
741 2858 803 2882 eas
821 2848 959 2894 poterit
984 2848 1167 2883 cnseodiw
1191 2848 1261 2883 Lat
1360 2847 1429 2892 μὲν
1453 2857 1521 2882 om.
1548 2847 1579 2881 E
1679 2843 1787 2884 οὐδὲν
1811 2848 1842 2882 Ε

263 2906 305 2938 22
335 2902 607 2950 *οἰκειοτέρων
632 2904 658 2938 P
693 2903 846 2940 οἰκείων
869 2904 902 2939 V
1023 2906 1064 2939 23
1096 2901 1182 2941 ἀλλ’
1207 2902 1359 2941 ἄπιστοι
1392 2903 1575 2938 PLAMW
1691 2907 1753 2940 καὶ
1779 2900 1848 2940 τὸν
1871 2900 1932 2949 ἔμ-

262 2962 436 3006 προσθεν
457 2954 603 3004 χρόνον
628 2963 754 2996 πιστοὶ
780 2965 822 2994 tr.
842 2960 873 2994 V
968 2963 1007 2994 24
1035 2964 1086 3001 τε]
1111 2960 1180 3004 μὲν
1206 2960 1243 2994 Μ
1338 2962 1378 2993 25
1406 2962 1470 3004 τῷ]
1500 2957 1539 2995 τὺ
1569 2960 1628 2993 1³12
