<?xml version="1.0" encoding="UTF-8"?>
<!DOCTYPE html PUBLIC "-//W3C//DTD XHTML 1.0 Transitional//EN"
    "http://www.w3.org/TR/xhtml1/DTD/xhtml1-transitional.dtd">
<html xmlns="http://www.w3.org/1999/xhtml" xml:lang="en" lang="en">
 <head>
  <title>
</title>
<meta http-equiv="Content-Type" content="text/html;charset=utf-8" />
  <meta name='ocr-system' content='tesseract 3.04.00' />
  <meta name='ocr-capabilities' content='ocr_page ocr_carea ocr_par ocr_line ocrx_word'/>
</head>
<body>
  <div class='ocr_page' id='page_1' title='image "./operajosephus03joseuoft_0140.png"; bbox 0 0 2107 3377; ppageno 0'>
   <div class='ocr_carea' id='block_1_1' title="bbox 137 421 217 462">
    <p class='ocr_par' dir='ltr' id='par_1_1' title="bbox 137 421 217 462">
     <span class='ocr_line' id='line_1_1' title="bbox 137 421 217 462; baseline 0 -1"><span class='ocrx_word' id='word_1_1' title='bbox 137 421 217 462; x_wconf 82' lang='lat'><em>335</em></span> 
     </span>
    </p>
   </div>
   <div class='ocr_carea' id='block_1_2' title="bbox 139 759 220 800">
    <p class='ocr_par' dir='ltr' id='par_1_2' title="bbox 139 759 220 800">
     <span class='ocr_line' id='line_1_2' title="bbox 139 759 220 800; baseline -0.012 0"><span class='ocrx_word' id='word_1_2' title='bbox 139 759 220 800; x_wconf 84' lang='lat'><em>336</em></span> 
     </span>
    </p>
   </div>
   <div class='ocr_carea' id='block_1_3' title="bbox 139 1030 219 1070">
    <p class='ocr_par' dir='ltr' id='par_1_3' title="bbox 139 1030 219 1070">
     <span class='ocr_line' id='line_1_3' title="bbox 139 1030 219 1070; baseline 0 0"><span class='ocrx_word' id='word_1_3' title='bbox 139 1030 219 1070; x_wconf 83' lang='lat'><em>337</em></span> 
     </span>
    </p>
   </div>
   <div class='ocr_carea' id='block_1_4' title="bbox 140 1301 219 1342">
    <p class='ocr_par' dir='ltr' id='par_1_4' title="bbox 140 1301 219 1342">
     <span class='ocr_line' id='line_1_4' title="bbox 140 1302 163 1342; textangle 90"><span class='ocrx_word' id='word_1_4' title='bbox 140 1302 163 1342; x_wconf 69' lang='lat'><em>0³</em></span> 
     </span>
     <span class='ocr_line' id='line_1_5' title="bbox 169 1301 191 1341; textangle 90"><span class='ocrx_word' id='word_1_5' title='bbox 169 1301 191 1341; x_wconf 68' lang='lat' dir='ltr'><em>Q.)</em></span> 
     </span>
     <span class='ocr_line' id='line_1_6' title="bbox 197 1301 219 1341; textangle 90"><span class='ocrx_word' id='word_1_6' title='bbox 197 1301 219 1341; x_wconf 66' lang='grc' dir='ltr'><em>(Ὀ</em></span> 
     </span>
    </p>
   </div>
   <div class='ocr_carea' id='block_1_5' title="bbox 142 1571 222 1611">
    <p class='ocr_par' dir='ltr' id='par_1_5' title="bbox 142 1571 222 1611">
     <span class='ocr_line' id='line_1_7' title="bbox 142 1571 222 1611; baseline 0 0"><span class='ocrx_word' id='word_1_7' title='bbox 142 1571 222 1611; x_wconf 80' lang='lat'><em>339</em></span> 
     </span>
    </p>
   </div>
   <div class='ocr_carea' id='block_1_6' title="bbox 247 148 1453 217">
    <p class='ocr_par' dir='ltr' id='par_1_6' title="bbox 247 148 1453 217">
     <span class='ocr_line' id='line_1_8' title="bbox 247 148 1453 217; baseline -0.003 -9"><span class='ocrx_word' id='word_1_8' title='bbox 247 170 302 208; x_wconf 84' lang='lat'><em>68</em></span> <span class='ocrx_word' id='word_1_9' title='bbox 396 215 400 217; x_wconf 34' lang='grc'><em>,</em></span> <span class='ocrx_word' id='word_1_10' title='bbox 722 169 886 215; x_wconf 80' lang='lat' dir='ltr'><strong>ANTIQ.</strong></span> <span class='ocrx_word' id='word_1_11' title='bbox 911 148 1010 206; x_wconf 77' lang='lat' dir='ltr'><em>mn.</em></span> <span class='ocrx_word' id='word_1_12' title='bbox 1035 169 1089 205; x_wconf 77' lang='lat' dir='ltr'><em>xl</em></span> <span class='ocrx_word' id='word_1_13' title='bbox 1114 172 1294 206; x_wconf 83' lang='lat'><strong>334—339</strong></span> <span class='ocrx_word' id='word_1_14' title='bbox 1319 172 1404 213; x_wconf 83' lang='lat' dir='ltr'>(vm.</span> <span class='ocrx_word' id='word_1_15' title='bbox 1421 173 1453 212; x_wconf 79' lang='lat'><em>⁵)</em></span> 
     </span>
    </p>
   </div>
   <div class='ocr_carea' id='block_1_7' title="bbox 247 278 2107 1831">
    <p class='ocr_par' dir='ltr' id='par_1_7' title="bbox 247 278 2107 1831">
     <span class='ocr_line' id='line_1_9' title="bbox 247 278 1922 342; baseline -0.001 -15"><span class='ocrx_word' id='word_1_16' title='bbox 247 283 518 342; x_wconf 81' lang='grc' dir='ltr'><em>κρατήσαιμι</em></span> <span class='ocrx_word' id='word_1_17' title='bbox 547 285 626 341; x_wconf 84' lang='grc' dir='ltr'><em>τῆς</em></span> <span class='ocrx_word' id='word_1_18' title='bbox 650 279 830 337; x_wconf 78' lang='grc' dir='ltr'><em>Ἀσίας,</em></span> <span class='ocrx_word' id='word_1_19' title='bbox 870 282 1187 339; x_wconf 61' lang='grc' dir='ltr'><em>παρεκελεύετο</em></span> <span class='ocrx_word' id='word_1_20' title='bbox 1218 281 1276 339; x_wconf 88' lang='grc' dir='ltr'><em>μὴ</em></span> <span class='ocrx_word' id='word_1_21' title='bbox 1309 283 1485 337; x_wconf 81' lang='grc' dir='ltr'><em>μέλλειν</em></span> <span class='ocrx_word' id='word_1_22' title='bbox 1519 278 1631 326; x_wconf 74' lang='grc' dir='ltr'><em>ἀλλὰ</em></span> <span class='ocrx_word' id='word_1_23' title='bbox 1662 285 1922 338; x_wconf 75' lang='grc' dir='ltr'><strong><em>θαρσοῦντα</em></strong></span> 
     </span>
     <span class='ocr_line' id='line_1_10' title="bbox 249 348 1922 409; baseline -0.001 -13"><span class='ocrx_word' id='word_1_24' title='bbox 249 353 519 407; x_wconf 86' lang='grc' dir='ltr'><em>διαβαίνειν·</em></span> <span class='ocrx_word' id='word_1_25' title='bbox 559 349 692 402; x_wconf 81' lang='grc' dir='ltr'><em>αὐτὸς</em></span> <span class='ocrx_word' id='word_1_26' title='bbox 729 349 812 407; x_wconf 80' lang='grc' dir='ltr'><em>γὰρ</em></span> <span class='ocrx_word' id='word_1_27' title='bbox 845 348 1098 409; x_wconf 80' lang='grc' dir='ltr'><em>ἡγήσεσθαί</em></span> <span class='ocrx_word' id='word_1_28' title='bbox 1127 368 1211 406; x_wconf 90' lang='grc' dir='ltr'><em>μου</em></span> <span class='ocrx_word' id='word_1_29' title='bbox 1241 352 1317 409; x_wconf 85' lang='grc' dir='ltr'><em>τῆς</em></span> <span class='ocrx_word' id='word_1_30' title='bbox 1349 352 1561 406; x_wconf 81' lang='grc' dir='ltr'><em>στρατιᾶς</em></span> <span class='ocrx_word' id='word_1_31' title='bbox 1590 352 1664 393; x_wconf 85' lang='grc' dir='ltr'><em>καὶ</em></span> <span class='ocrx_word' id='word_1_32' title='bbox 1693 349 1773 409; x_wconf 91' lang='grc' dir='ltr'><em>τὴν</em></span> <span class='ocrx_word' id='word_1_33' title='bbox 1802 354 1922 404; x_wconf 87' lang='grc' dir='ltr'><em>Περ-</em></span> 
     </span>
     <span class='ocr_line' id='line_1_11' title="bbox 250 413 1922 476; baseline -0.001 -13"><span class='ocrx_word' id='word_1_34' title='bbox 250 422 340 464; x_wconf 85' lang='grc' dir='ltr'><em>σῶν</em></span> <span class='ocrx_word' id='word_1_35' title='bbox 378 418 664 476; x_wconf 79' lang='grc' dir='ltr'><em>παραδώσειν</em></span> <span class='ocrx_word' id='word_1_36' title='bbox 707 413 855 475; x_wconf 80' lang='grc' dir='ltr'><em>ἆρχήν.</em></span> <span class='ocrx_word' id='word_1_37' title='bbox 923 413 1034 462; x_wconf 72' lang='grc' dir='ltr'><em>ὅθεν</em></span> <span class='ocrx_word' id='word_1_38' title='bbox 1074 415 1208 462; x_wconf 73' lang='grc' dir='ltr'><em>ἄλλον</em></span> <span class='ocrx_word' id='word_1_39' title='bbox 1247 418 1326 472; x_wconf 81' lang='grc' dir='ltr'><em>μὲν</em></span> <span class='ocrx_word' id='word_1_40' title='bbox 1366 414 1524 462; x_wconf 75' lang='grc' dir='ltr'><em>οὐδένα</em></span> <span class='ocrx_word' id='word_1_41' title='bbox 1561 418 1846 472; x_wconf 86' lang='grc' dir='ltr'><em>θεασάμενος</em></span> <span class='ocrx_word' id='word_1_42' title='bbox 1877 417 1922 461; x_wconf 78' lang='grc' dir='ltr'><em>ἐν</em></span> 
     </span>
     <span class='ocr_line' id='line_1_12' title="bbox 248 481 1923 544; baseline -0.001 -14"><span class='ocrx_word' id='word_1_43' title='bbox 248 487 431 544; x_wconf 82' lang='grc' dir='ltr'><em>τοιαύτῃ</em></span> <span class='ocrx_word' id='word_1_44' title='bbox 464 487 612 543; x_wconf 80' lang='grc' dir='ltr'><strong><em>στολῇ,</em></strong></span> <span class='ocrx_word' id='word_1_45' title='bbox 644 488 801 530; x_wconf 82' lang='grc' dir='ltr'><em>τοῦτον</em></span> <span class='ocrx_word' id='word_1_46' title='bbox 833 486 881 529; x_wconf 78' lang='grc' dir='ltr'><em>δὲ</em></span> <span class='ocrx_word' id='word_1_47' title='bbox 902 488 976 529; x_wconf 85' lang='grc' dir='ltr'><em>νῦν</em></span> <span class='ocrx_word' id='word_1_48' title='bbox 1008 485 1115 530; x_wconf 77' lang='grc' dir='ltr'><em>ἰδών</em></span> <span class='ocrx_word' id='word_1_49' title='bbox 1144 487 1219 529; x_wconf 85' lang='grc' dir='ltr'><em>καὶ</em></span> <span class='ocrx_word' id='word_1_50' title='bbox 1249 488 1327 541; x_wconf 84' lang='grc' dir='ltr'><em>τῆς</em></span> <span class='ocrx_word' id='word_1_51' title='bbox 1353 484 1465 529; x_wconf 79' lang='grc' dir='ltr'><em>κατὰ</em></span> <span class='ocrx_word' id='word_1_52' title='bbox 1486 484 1590 537; x_wconf 81' lang='grc' dir='ltr'><em>τοὺς</em></span> <span class='ocrx_word' id='word_1_53' title='bbox 1619 481 1785 537; x_wconf 66' lang='grc' dir='ltr'><em>ὕπνους</em></span> <span class='ocrx_word' id='word_1_54' title='bbox 1816 481 1923 530; x_wconf 78' lang='grc' dir='ltr'><em>ἄνα-</em></span> 
     </span>
     <span class='ocr_line' id='line_1_13' title="bbox 248 551 1972 613; baseline -0.001 -15"><span class='ocrx_word' id='word_1_55' title='bbox 248 557 467 613; x_wconf 86' lang='grc' dir='ltr'><em>μνησθεὶς</em></span> <span class='ocrx_word' id='word_1_56' title='bbox 505 551 657 609; x_wconf 77' lang='grc' dir='ltr'><em>ὄψεώς</em></span> <span class='ocrx_word' id='word_1_57' title='bbox 693 570 742 596; x_wconf 92' lang='grc' dir='ltr'><em>τε</em></span> <span class='ocrx_word' id='word_1_58' title='bbox 778 556 854 598; x_wconf 81' lang='grc' dir='ltr'><em>καὶ</em></span> <span class='ocrx_word' id='word_1_59' title='bbox 893 554 1282 611; x_wconf 82' lang='grc' dir='ltr'><em>παρακελεύσεως,</em></span> <span class='ocrx_word' id='word_1_60' title='bbox 1314 553 1479 608; x_wconf 82' lang='grc' dir='ltr'><em>νομίζω</em></span> <span class='ocrx_word' id='word_1_61' title='bbox 1510 556 1622 610; x_wconf 79' lang='grc' dir='ltr'><em>θείᾳ</em></span> <span class='ocrx_word' id='word_1_62' title='bbox 1651 555 1815 610; x_wconf 77' lang='grc' dir='ltr'><em>πομπῇ</em></span> <span class='ocrx_word' id='word_1_63' title='bbox 1844 551 1924 611; x_wconf 82' lang='grc' dir='ltr'><em>τὴν</em></span> <span class='ocrx_word' id='word_1_64' title='bbox 1952 565 1972 596; x_wconf 78' lang='lat'>5</span> 
     </span>
     <span class='ocr_line' id='line_1_14' title="bbox 250 619 1925 680; baseline -0.001 -14"><span class='ocrx_word' id='word_1_65' title='bbox 250 627 486 679; x_wconf 79' lang='grc' dir='ltr'><em>στρατείαν</em></span> <span class='ocrx_word' id='word_1_66' title='bbox 518 624 822 678; x_wconf 82' lang='grc' dir='ltr'><em>πεποιημένος</em></span> <span class='ocrx_word' id='word_1_67' title='bbox 851 626 1046 678; x_wconf 88' lang='grc' dir='ltr'><em>Δαρεῖον</em></span> <span class='ocrx_word' id='word_1_68' title='bbox 1076 621 1269 680; x_wconf 79' lang='grc' dir='ltr'><em>νικήσειν</em></span> <span class='ocrx_word' id='word_1_69' title='bbox 1299 622 1373 664; x_wconf 82' lang='grc' dir='ltr'><em>καὶ</em></span> <span class='ocrx_word' id='word_1_70' title='bbox 1403 619 1483 679; x_wconf 89' lang='grc' dir='ltr'><em>τὴν</em></span> <span class='ocrx_word' id='word_1_71' title='bbox 1514 623 1704 677; x_wconf 82' lang='grc' dir='ltr'><em>Περσῶν</em></span> <span class='ocrx_word' id='word_1_72' title='bbox 1735 620 1925 664; x_wconf 79' lang='grc' dir='ltr'><em>καταλύ-</em></span> 
     </span>
     <span class='ocr_line' id='line_1_15' title="bbox 250 684 1926 746; baseline -0.001 -12"><span class='ocrx_word' id='word_1_73' title='bbox 250 706 344 734; x_wconf 85' lang='grc' dir='ltr'><em>σειν</em></span> <span class='ocrx_word' id='word_1_74' title='bbox 384 690 570 744; x_wconf 78' lang='grc' dir='ltr'><em>δὺναμιν</em></span> <span class='ocrx_word' id='word_1_75' title='bbox 607 690 682 732; x_wconf 83' lang='grc' dir='ltr'><em>καὶ</em></span> <span class='ocrx_word' id='word_1_76' title='bbox 721 685 869 732; x_wconf 69' lang='grc' dir='ltr'><em>πάνθ’</em></span> <span class='ocrx_word' id='word_1_77' title='bbox 905 684 991 732; x_wconf 78' lang='grc' dir='ltr'><em>ὅσα</em></span> <span class='ocrx_word' id='word_1_78' title='bbox 1027 688 1139 733; x_wconf 82' lang='grc' dir='ltr'><em>κατὰ</em></span> <span class='ocrx_word' id='word_1_79' title='bbox 1178 691 1279 732; x_wconf 83' lang='grc' dir='ltr'><em>νοῦν</em></span> <span class='ocrx_word' id='word_1_80' title='bbox 1319 688 1415 732; x_wconf 75' lang='grc' dir='ltr'><em>ἐστί</em></span> <span class='ocrx_word' id='word_1_81' title='bbox 1459 705 1538 743; x_wconf 90' lang='grc' dir='ltr'><em>μοι</em></span> <span class='ocrx_word' id='word_1_82' title='bbox 1575 688 1926 746; x_wconf 86' lang='grc' dir='ltr'><em>προχωρήσειν.“</em></span> 
     </span>
     <span class='ocr_line' id='line_1_16' title="bbox 250 752 1926 815; baseline -0.001 -14"><span class='ocrx_word' id='word_1_83' title='bbox 250 753 377 801; x_wconf 78' lang='grc' dir='ltr'><em>ταῦτ’</em></span> <span class='ocrx_word' id='word_1_84' title='bbox 404 755 544 800; x_wconf 80' lang='grc' dir='ltr'><em>εἰπών</em></span> <span class='ocrx_word' id='word_1_85' title='bbox 575 755 691 812; x_wconf 82' lang='grc' dir='ltr'><em>πρὸς</em></span> <span class='ocrx_word' id='word_1_86' title='bbox 719 755 797 800; x_wconf 83' lang='grc' dir='ltr'><em>τὸν</em></span> <span class='ocrx_word' id='word_1_87' title='bbox 826 761 1126 815; x_wconf 87' lang='grc' dir='ltr'><em>Παρμενίωνα</em></span> <span class='ocrx_word' id='word_1_88' title='bbox 1155 759 1229 800; x_wconf 82' lang='grc' dir='ltr'><em>καὶ</em></span> <span class='ocrx_word' id='word_1_89' title='bbox 1261 756 1585 811; x_wconf 84' lang='grc' dir='ltr'><em>δεξιωσάμενος</em></span> <span class='ocrx_word' id='word_1_90' title='bbox 1613 755 1691 800; x_wconf 87' lang='grc' dir='ltr'><em>τὸν</em></span> <span class='ocrx_word' id='word_1_91' title='bbox 1722 752 1926 813; x_wconf 72' lang='grc' dir='ltr'><em>ἀρχιερέα</em></span> 
     </span>
     <span class='ocr_line' id='line_1_17' title="bbox 250 819 1926 883; baseline -0.001 -15"><span class='ocrx_word' id='word_1_92' title='bbox 250 828 337 869; x_wconf 78' lang='grc' dir='ltr'><em>τῶν</em></span> <span class='ocrx_word' id='word_1_93' title='bbox 362 821 589 869; x_wconf 80' lang='grc' dir='ltr'><em>Ἰουδαίων</em></span> <span class='ocrx_word' id='word_1_94' title='bbox 620 824 948 879; x_wconf 74' lang='grc' dir='ltr'><em>παραθεόντων</em></span> <span class='ocrx_word' id='word_1_95' title='bbox 979 824 1043 876; x_wconf 83' lang='grc' dir='ltr'><em>εἷς</em></span> <span class='ocrx_word' id='word_1_96' title='bbox 1063 824 1142 883; x_wconf 80' lang='grc' dir='ltr'><em>τὴν</em></span> <span class='ocrx_word' id='word_1_97' title='bbox 1164 825 1299 868; x_wconf 82' lang='grc' dir='ltr'><em>πόλιν</em></span> <span class='ocrx_word' id='word_1_98' title='bbox 1325 828 1633 880; x_wconf 83' lang='grc' dir='ltr'><em>παραγίνεται.</em></span> <span class='ocrx_word' id='word_1_99' title='bbox 1692 825 1767 867; x_wconf 82' lang='grc' dir='ltr'><em>καὶ</em></span> <span class='ocrx_word' id='word_1_100' title='bbox 1798 819 1926 868; x_wconf 82' lang='grc' dir='ltr'><em>ἆνελ-</em></span> 
     </span>
     <span class='ocr_line' id='line_1_18' title="bbox 250 887 1995 951; baseline 0 -15"><span class='ocrx_word' id='word_1_101' title='bbox 250 892 350 937; x_wconf 72' lang='grc' dir='ltr'><em>θεὸν</em></span> <span class='ocrx_word' id='word_1_102' title='bbox 383 892 460 936; x_wconf 76' lang='grc' dir='ltr'><em>ἐπὶ</em></span> <span class='ocrx_word' id='word_1_103' title='bbox 490 891 540 935; x_wconf 87' lang='grc' dir='ltr'><em>τὸ</em></span> <span class='ocrx_word' id='word_1_104' title='bbox 576 890 694 947; x_wconf 82' lang='grc' dir='ltr'><em>ἱερὸν</em></span> <span class='ocrx_word' id='word_1_105' title='bbox 724 892 831 936; x_wconf 83' lang='grc' dir='ltr'><em>θύει</em></span> <span class='ocrx_word' id='word_1_106' title='bbox 861 892 940 947; x_wconf 85' lang='grc' dir='ltr'><em>μὲν</em></span> <span class='ocrx_word' id='word_1_107' title='bbox 969 895 1034 949; x_wconf 74' lang='grc' dir='ltr'><em>τῷ</em></span> <span class='ocrx_word' id='word_1_108' title='bbox 1063 895 1162 949; x_wconf 75' lang='grc' dir='ltr'><em>θεῷ</em></span> <span class='ocrx_word' id='word_1_109' title='bbox 1191 891 1302 935; x_wconf 81' lang='grc' dir='ltr'><em>κατὰ</em></span> <span class='ocrx_word' id='word_1_110' title='bbox 1334 891 1411 950; x_wconf 79' lang='grc' dir='ltr'><em>τὴν</em></span> <span class='ocrx_word' id='word_1_111' title='bbox 1441 894 1521 935; x_wconf 87' lang='grc' dir='ltr'><em>τοῦ</em></span> <span class='ocrx_word' id='word_1_112' title='bbox 1546 887 1782 948; x_wconf 75' lang='grc' dir='ltr'><em>ἀρχιερέως</em></span> <span class='ocrx_word' id='word_1_113' title='bbox 1810 889 1928 951; x_wconf 82' lang='grc' dir='ltr'><em>ὗφή-</em></span> <span class='ocrx_word' id='word_1_114' title='bbox 1958 901 1995 936; x_wconf 83' lang='grc'><em>10</em></span> 
     </span>
     <span class='ocr_line' id='line_1_19' title="bbox 250 955 1925 1019; baseline 0 -14"><span class='ocrx_word' id='word_1_115' title='bbox 250 977 392 1019; x_wconf 77' lang='grc' dir='ltr'><em>γησιν,</em></span> <span class='ocrx_word' id='word_1_116' title='bbox 424 956 559 1004; x_wconf 68' lang='grc' dir='ltr'><em>αὐτὸν</em></span> <span class='ocrx_word' id='word_1_117' title='bbox 591 960 638 1002; x_wconf 84' lang='grc' dir='ltr'><em>δὲ</em></span> <span class='ocrx_word' id='word_1_118' title='bbox 667 958 745 1003; x_wconf 83' lang='grc' dir='ltr'><em>τὸν</em></span> <span class='ocrx_word' id='word_1_119' title='bbox 777 955 980 1016; x_wconf 81' lang='grc' dir='ltr'><em>ἆρχιερέα</em></span> <span class='ocrx_word' id='word_1_120' title='bbox 1008 962 1082 1004; x_wconf 85' lang='grc' dir='ltr'><em>καὶ</em></span> <span class='ocrx_word' id='word_1_121' title='bbox 1112 960 1214 1012; x_wconf 71' lang='grc' dir='ltr'><em>τοὺς</em></span> <span class='ocrx_word' id='word_1_122' title='bbox 1243 961 1374 1016; x_wconf 82' lang='grc' dir='ltr'><em>ἱερεῖς</em></span> <span class='ocrx_word' id='word_1_123' title='bbox 1396 956 1685 1016; x_wconf 75' lang='grc' dir='ltr'><em>ἀξιοπρεπῶς</em></span> <span class='ocrx_word' id='word_1_124' title='bbox 1706 959 1925 1018; x_wconf 75' lang='grc' dir='ltr'><em>ἐτίμησεν.</em></span> 
     </span>
     <span class='ocr_line' id='line_1_20' title="bbox 252 1023 1926 1087; baseline 0.001 -15"><span class='ocrx_word' id='word_1_125' title='bbox 252 1029 504 1086; x_wconf 78' lang='grc' dir='ltr'><em>δειχθείσης</em></span> <span class='ocrx_word' id='word_1_126' title='bbox 536 1024 577 1071; x_wconf 71' lang='grc' dir='ltr'><em>δ’</em></span> <span class='ocrx_word' id='word_1_127' title='bbox 606 1023 726 1084; x_wconf 72' lang='grc' dir='ltr'><em>αὐτῷ</em></span> <span class='ocrx_word' id='word_1_128' title='bbox 754 1030 833 1086; x_wconf 82' lang='grc' dir='ltr'><em>τῆς</em></span> <span class='ocrx_word' id='word_1_129' title='bbox 861 1027 1088 1086; x_wconf 87' lang='grc' dir='ltr'><em>Δανιήλου</em></span> <span class='ocrx_word' id='word_1_130' title='bbox 1118 1030 1297 1084; x_wconf 73' lang='grc' dir='ltr'><em>βίβλου,</em></span> <span class='ocrx_word' id='word_1_131' title='bbox 1338 1028 1382 1071; x_wconf 77' lang='grc' dir='ltr'><em>ἐν</em></span> <span class='ocrx_word' id='word_1_132' title='bbox 1412 1024 1439 1085; x_wconf 75' lang='grc' dir='ltr'><strong><em>ἦ</em></strong></span> <span class='ocrx_word' id='word_1_133' title='bbox 1471 1046 1570 1072; x_wconf 90' lang='grc' dir='ltr'><em>τινα</em></span> <span class='ocrx_word' id='word_1_134' title='bbox 1599 1030 1687 1070; x_wconf 80' lang='grc' dir='ltr'><em>τῶν</em></span> <span class='ocrx_word' id='word_1_135' title='bbox 1713 1025 1926 1087; x_wconf 87' lang='grc' dir='ltr'><em>Ἑλλήνων</em></span> 
     </span>
     <span class='ocr_line' id='line_1_21' title="bbox 250 1091 1928 1154; baseline 0.001 -15"><span class='ocrx_word' id='word_1_136' title='bbox 250 1095 511 1139; x_wconf 80' lang='grc' dir='ltr'><em>καταλύσειν</em></span> <span class='ocrx_word' id='word_1_137' title='bbox 527 1094 604 1152; x_wconf 88' lang='grc' dir='ltr'><em>τὴν</em></span> <span class='ocrx_word' id='word_1_138' title='bbox 621 1098 809 1151; x_wconf 77' lang='grc' dir='ltr'><em>Περσῶν</em></span> <span class='ocrx_word' id='word_1_139' title='bbox 827 1091 960 1153; x_wconf 74' lang='grc' dir='ltr'><em>ἀρχὴν</em></span> <span class='ocrx_word' id='word_1_140' title='bbox 978 1095 1146 1153; x_wconf 75' lang='grc' dir='ltr'><em>ἐδήλου,</em></span> <span class='ocrx_word' id='word_1_141' title='bbox 1170 1101 1355 1151; x_wconf 84' lang='grc' dir='ltr'><em>νομίσας</em></span> <span class='ocrx_word' id='word_1_142' title='bbox 1378 1093 1510 1146; x_wconf 63' lang='grc' dir='ltr'><em>αὐτὸς</em></span> <span class='ocrx_word' id='word_1_143' title='bbox 1532 1093 1647 1139; x_wconf 80' lang='grc' dir='ltr'><em>εἶναι</em></span> <span class='ocrx_word' id='word_1_144' title='bbox 1668 1093 1692 1139; x_wconf 82' lang='lat'><em>0‘</em></span> <span class='ocrx_word' id='word_1_145' title='bbox 1711 1096 1928 1154; x_wconf 84' lang='grc' dir='ltr'><em>σημαινό-</em></span> 
     </span>
     <span class='ocr_line' id='line_1_22' title="bbox 251 1159 1928 1222; baseline 0.001 -15"><span class='ocrx_word' id='word_1_146' title='bbox 251 1179 382 1218; x_wconf 85' lang='grc' dir='ltr'><em>μενος</em></span> <span class='ocrx_word' id='word_1_147' title='bbox 401 1163 503 1206; x_wconf 89' lang='grc' dir='ltr'><em>τότε</em></span> <span class='ocrx_word' id='word_1_148' title='bbox 522 1164 601 1217; x_wconf 82' lang='grc' dir='ltr'><em>μὲν</em></span> <span class='ocrx_word' id='word_1_149' title='bbox 622 1162 782 1221; x_wconf 79' lang='grc' dir='ltr'><em>ἡσθεὶς</em></span> <span class='ocrx_word' id='word_1_150' title='bbox 803 1159 998 1206; x_wconf 72' lang='grc' dir='ltr'><em>ἀπέλυσε</em></span> <span class='ocrx_word' id='word_1_151' title='bbox 1017 1163 1067 1206; x_wconf 87' lang='grc' dir='ltr'><em>τὸ</em></span> <span class='ocrx_word' id='word_1_152' title='bbox 1092 1165 1284 1222; x_wconf 79' lang='grc' dir='ltr'><em>πλῆθος,</em></span> <span class='ocrx_word' id='word_1_153' title='bbox 1315 1166 1369 1221; x_wconf 81' lang='grc' dir='ltr'><em>τῇ</em></span> <span class='ocrx_word' id='word_1_154' title='bbox 1390 1159 1430 1206; x_wconf 73' lang='grc' dir='ltr'><em>δ’</em></span> <span class='ocrx_word' id='word_1_155' title='bbox 1459 1163 1646 1220; x_wconf 76' lang='grc' dir='ltr'><em>ἐπιούσῃ</em></span> <span class='ocrx_word' id='word_1_156' title='bbox 1678 1166 1928 1220; x_wconf 83' lang='grc' dir='ltr'><em>προσκαλε-</em></span> 
     </span>
     <span class='ocr_line' id='line_1_23' title="bbox 253 1225 2107 1288; baseline 0 -14"><span class='ocrx_word' id='word_1_157' title='bbox 253 1231 443 1286; x_wconf 88' lang='grc' dir='ltr'><em>σάμενος</em></span> <span class='ocrx_word' id='word_1_158' title='bbox 474 1230 694 1274; x_wconf 74' lang='grc' dir='ltr'><em>ἐκέλευσεν</em></span> <span class='ocrx_word' id='word_1_159' title='bbox 727 1227 886 1281; x_wconf 74' lang='grc' dir='ltr'><em>αὐτοὺς</em></span> <span class='ocrx_word' id='word_1_160' title='bbox 919 1230 1150 1275; x_wconf 81' lang='grc' dir='ltr'><em>αἰτεῖσθαι</em></span> <span class='ocrx_word' id='word_1_161' title='bbox 1176 1231 1357 1288; x_wconf 83' lang='grc' dir='ltr'><em>δωρεάς,</em></span> <span class='ocrx_word' id='word_1_162' title='bbox 1391 1231 1443 1282; x_wconf 74' lang='grc' dir='ltr'><em>ἃς</em></span> <span class='ocrx_word' id='word_1_163' title='bbox 1475 1225 1528 1274; x_wconf 66' lang='grc' dir='ltr'><em>ἂν</em></span> <span class='ocrx_word' id='word_1_164' title='bbox 1558 1227 1686 1275; x_wconf 72' lang='grc' dir='ltr'><em>αὐτοὶ</em></span> <span class='ocrx_word' id='word_1_165' title='bbox 1716 1233 1927 1277; x_wconf 89' lang='grc' dir='ltr'><em>θέλωσιν.</em></span> <span class='ocrx_word' id='word_1_166' title='bbox 1960 1241 1998 1274; x_wconf 80' lang='lat'><em>15</em></span> <span class='ocrx_word' id='word_1_167' title='bbox 2097 1249 2107 1281; x_wconf 69' lang='grc' dir='ltr'><em>ε</em></span> 
     </span>
     <span class='ocr_line' id='line_1_24' title="bbox 252 1294 1927 1357; baseline 0.002 -16"><span class='ocrx_word' id='word_1_168' title='bbox 252 1301 330 1342; x_wconf 83' lang='grc' dir='ltr'><em>τοῦ</em></span> <span class='ocrx_word' id='word_1_169' title='bbox 362 1294 402 1341; x_wconf 73' lang='grc' dir='ltr'><em>δ’</em></span> <span class='ocrx_word' id='word_1_170' title='bbox 429 1294 666 1355; x_wconf 74' lang='grc' dir='ltr'><em>ἀρχιερέως</em></span> <span class='ocrx_word' id='word_1_171' title='bbox 697 1298 994 1356; x_wconf 80' lang='grc' dir='ltr'><em>αἰτησαμένου</em></span> <span class='ocrx_word' id='word_1_172' title='bbox 1021 1299 1282 1357; x_wconf 87' lang='grc' dir='ltr'><em>χρήσασθαι</em></span> <span class='ocrx_word' id='word_1_173' title='bbox 1312 1308 1407 1350; x_wconf 89' lang='grc' dir='ltr'><em>τοῖς</em></span> <span class='ocrx_word' id='word_1_174' title='bbox 1437 1303 1649 1352; x_wconf 87' lang='grc' dir='ltr'><em>πατρίοις</em></span> <span class='ocrx_word' id='word_1_175' title='bbox 1670 1299 1825 1354; x_wconf 88' lang='grc' dir='ltr'><em>νόμοις</em></span> <span class='ocrx_word' id='word_1_176' title='bbox 1853 1303 1927 1344; x_wconf 81' lang='grc' dir='ltr'><em>καὶ</em></span> 
     </span>
     <span class='ocr_line' id='line_1_25' title="bbox 250 1362 1928 1424; baseline 0.001 -14"><span class='ocrx_word' id='word_1_177' title='bbox 250 1366 300 1410; x_wconf 86' lang='grc' dir='ltr'><em>τὸ</em></span> <span class='ocrx_word' id='word_1_178' title='bbox 335 1366 523 1422; x_wconf 75' lang='grc' dir='ltr'><em>ἕβδομον</em></span> <span class='ocrx_word' id='word_1_179' title='bbox 555 1366 652 1417; x_wconf 75' lang='grc' dir='ltr'><em>ἔτος</em></span> <span class='ocrx_word' id='word_1_180' title='bbox 683 1362 950 1424; x_wconf 76' lang='grc' dir='ltr'><em>ἀνείσφορον</em></span> <span class='ocrx_word' id='word_1_181' title='bbox 973 1364 1100 1420; x_wconf 80' lang='grc' dir='ltr'><em>εἶναι,</em></span> <span class='ocrx_word' id='word_1_182' title='bbox 1133 1366 1429 1424; x_wconf 81' lang='grc' dir='ltr'><em>συνεχώρησεν</em></span> <span class='ocrx_word' id='word_1_183' title='bbox 1451 1366 1614 1410; x_wconf 86' lang='grc' dir='ltr'><em>πάντα.</em></span> <span class='ocrx_word' id='word_1_184' title='bbox 1674 1369 1928 1423; x_wconf 87' lang='grc' dir='ltr'><em>παρακαλε-</em></span> 
     </span>
     <span class='ocr_line' id='line_1_26' title="bbox 253 1429 1929 1493; baseline 0.002 -16"><span class='ocrx_word' id='word_1_185' title='bbox 253 1434 425 1477; x_wconf 86' lang='grc' dir='ltr'><em>σάντων</em></span> <span class='ocrx_word' id='word_1_186' title='bbox 457 1429 500 1476; x_wconf 76' lang='grc' dir='ltr'><em>δ’</em></span> <span class='ocrx_word' id='word_1_187' title='bbox 538 1430 683 1487; x_wconf 74' lang='grc' dir='ltr'><em>αὐτόν,</em></span> <span class='ocrx_word' id='word_1_188' title='bbox 714 1434 789 1478; x_wconf 76' lang='grc' dir='ltr'><em>ἵνα</em></span> <span class='ocrx_word' id='word_1_189' title='bbox 818 1436 892 1478; x_wconf 78' lang='grc' dir='ltr'><em>καὶ</em></span> <span class='ocrx_word' id='word_1_190' title='bbox 923 1433 1027 1486; x_wconf 65' lang='grc' dir='ltr'><em>τούς</em></span> <span class='ocrx_word' id='word_1_191' title='bbox 1057 1434 1101 1478; x_wconf 75' lang='grc' dir='ltr'><em>ἐν</em></span> <span class='ocrx_word' id='word_1_192' title='bbox 1133 1436 1369 1491; x_wconf 73' lang='grc' dir='ltr'><em>Βαβυλῶνι</em></span> <span class='ocrx_word' id='word_1_193' title='bbox 1399 1437 1473 1479; x_wconf 81' lang='grc' dir='ltr'><em>καὶ</em></span> <span class='ocrx_word' id='word_1_194' title='bbox 1503 1435 1665 1493; x_wconf 63' lang='grc' dir='ltr'><em>ΒῙηδίᾳ</em></span> <span class='ocrx_word' id='word_1_195' title='bbox 1688 1431 1929 1488; x_wconf 84' lang='grc' dir='ltr'><em>Ἰουδαίους</em></span> 
     </span>
     <span class='ocr_line' id='line_1_27' title="bbox 251 1497 1929 1562; baseline 0.002 -17"><span class='ocrx_word' id='word_1_196' title='bbox 251 1511 346 1553; x_wconf 90' lang='grc' dir='ltr'><em>τοῖς</em></span> <span class='ocrx_word' id='word_1_197' title='bbox 377 1501 511 1553; x_wconf 82' lang='grc' dir='ltr'><em>ἰδίοις</em></span> <span class='ocrx_word' id='word_1_198' title='bbox 543 1501 765 1559; x_wconf 79' lang='grc' dir='ltr'><em>ἐπιτρέψῃ</em></span> <span class='ocrx_word' id='word_1_199' title='bbox 798 1502 951 1557; x_wconf 88' lang='grc' dir='ltr'><em>νόμοις</em></span> <span class='ocrx_word' id='word_1_200' title='bbox 977 1505 1200 1560; x_wconf 83' lang='grc' dir='ltr'><em>χρῆσθαι,</em></span> <span class='ocrx_word' id='word_1_201' title='bbox 1242 1497 1444 1558; x_wconf 75' lang='grc' dir='ltr'><em>ἀσμένως</em></span> <span class='ocrx_word' id='word_1_202' title='bbox 1473 1500 1690 1557; x_wconf 75' lang='grc' dir='ltr'><em>ὑπέσχετο</em></span> <span class='ocrx_word' id='word_1_203' title='bbox 1719 1503 1929 1562; x_wconf 88' lang='grc' dir='ltr'><em>ποιήσειν</em></span> 
     </span>
     <span class='ocr_line' id='line_1_28' title="bbox 257 1565 1997 1630; baseline 0.001 -17"><span class='ocrx_word' id='word_1_204' title='bbox 257 1570 372 1627; x_wconf 77' lang='grc' dir='ltr'><em>ἅπερ</em></span> <span class='ocrx_word' id='word_1_205' title='bbox 405 1565 619 1621; x_wconf 74' lang='grc' dir='ltr'><em>ἀξιοῦσιν.</em></span> <span class='ocrx_word' id='word_1_206' title='bbox 681 1569 890 1622; x_wconf 84' lang='grc' dir='ltr'><em>εἰπόντος</em></span> <span class='ocrx_word' id='word_1_207' title='bbox 921 1567 962 1613; x_wconf 71' lang='grc' dir='ltr'><em>δ’</em></span> <span class='ocrx_word' id='word_1_208' title='bbox 990 1567 1125 1614; x_wconf 74' lang='grc' dir='ltr'><em>αὐτοῦ</em></span> <span class='ocrx_word' id='word_1_209' title='bbox 1156 1570 1271 1626; x_wconf 84' lang='grc' dir='ltr'><em>πρὸς</em></span> <span class='ocrx_word' id='word_1_210' title='bbox 1300 1569 1350 1614; x_wconf 87' lang='grc' dir='ltr'><em>τὸ</em></span> <span class='ocrx_word' id='word_1_211' title='bbox 1382 1572 1575 1628; x_wconf 83' lang='grc' dir='ltr'><em>πλῆθος,</em></span> <span class='ocrx_word' id='word_1_212' title='bbox 1609 1571 1652 1614; x_wconf 81' lang='grc' dir='ltr'><em>εἲ</em></span> <span class='ocrx_word' id='word_1_213' title='bbox 1669 1588 1786 1623; x_wconf 91' lang='grc' dir='ltr'><em>τινες</em></span> <span class='ocrx_word' id='word_1_214' title='bbox 1808 1567 1929 1630; x_wconf 77' lang='grc' dir='ltr'><em>αὐτῷ</em></span> <span class='ocrx_word' id='word_1_215' title='bbox 1959 1580 1997 1614; x_wconf 77' lang='lat'><em>20</em></span> 
     </span>
     <span class='ocr_line' id='line_1_29' title="bbox 253 1638 1928 1695; baseline 0.001 -13"><span class='ocrx_word' id='word_1_216' title='bbox 253 1638 492 1694; x_wconf 74' lang='grc' dir='ltr'><em>βούλονται</em></span> <span class='ocrx_word' id='word_1_217' title='bbox 522 1638 833 1693; x_wconf 79' lang='grc' dir='ltr'><em>συστρατεύειν</em></span> <span class='ocrx_word' id='word_1_218' title='bbox 871 1647 966 1689; x_wconf 89' lang='grc' dir='ltr'><em>τοῖς</em></span> <span class='ocrx_word' id='word_1_219' title='bbox 996 1643 1207 1695; x_wconf 89' lang='grc' dir='ltr'><em>πατρίοις</em></span> <span class='ocrx_word' id='word_1_220' title='bbox 1239 1638 1392 1682; x_wconf 73' lang='grc' dir='ltr'><em>ἔθεσιν</em></span> <span class='ocrx_word' id='word_1_221' title='bbox 1425 1638 1684 1694; x_wconf 75' lang='grc' dir='ltr'><em>ἐμμένοντες</em></span> <span class='ocrx_word' id='word_1_222' title='bbox 1713 1641 1786 1684; x_wconf 85' lang='grc' dir='ltr'><em>καὶ</em></span> <span class='ocrx_word' id='word_1_223' title='bbox 1816 1640 1928 1684; x_wconf 85' lang='grc' dir='ltr'><em>κατὰ</em></span> 
     </span>
     <span class='ocr_line' id='line_1_30' title="bbox 255 1703 1927 1764; baseline 0.002 -16"><span class='ocrx_word' id='word_1_224' title='bbox 255 1708 394 1749; x_wconf 85' lang='grc' dir='ltr'><em>ταῦτα</em></span> <span class='ocrx_word' id='word_1_225' title='bbox 416 1705 584 1759; x_wconf 79' lang='grc' dir='ltr'><em>ζῶντες,</em></span> <span class='ocrx_word' id='word_1_226' title='bbox 618 1706 807 1761; x_wconf 81' lang='grc' dir='ltr'><em>ἑτοίμως</em></span> <span class='ocrx_word' id='word_1_227' title='bbox 828 1707 941 1760; x_wconf 74' lang='grc' dir='ltr'><em>ἔχειν</em></span> <span class='ocrx_word' id='word_1_228' title='bbox 964 1705 1231 1763; x_wconf 75' lang='grc' dir='ltr'><em>ἐπάγεσθαι,</em></span> <span class='ocrx_word' id='word_1_229' title='bbox 1264 1708 1426 1750; x_wconf 86' lang='grc' dir='ltr'><em>πολλοὶ</em></span> <span class='ocrx_word' id='word_1_230' title='bbox 1447 1706 1526 1764; x_wconf 76' lang='grc' dir='ltr'><em>τὴν</em></span> <span class='ocrx_word' id='word_1_231' title='bbox 1549 1706 1628 1750; x_wconf 75' lang='grc' dir='ltr'><em>σὺν</em></span> <span class='ocrx_word' id='word_1_232' title='bbox 1651 1703 1771 1763; x_wconf 76' lang='grc' dir='ltr'><em>αὐτῷ</em></span> <span class='ocrx_word' id='word_1_233' title='bbox 1792 1723 1927 1764; x_wconf 89' lang='grc' dir='ltr'><em>στρα-</em></span> 
     </span>
     <span class='ocr_line' id='line_1_31' title="bbox 257 1770 657 1831; baseline 0.003 -15"><span class='ocrx_word' id='word_1_234' title='bbox 257 1778 378 1817; x_wconf 85' lang='grc' dir='ltr'><em>τείαν</em></span> <span class='ocrx_word' id='word_1_235' title='bbox 407 1770 657 1831; x_wconf 77' lang='grc' dir='ltr'><em>ἠγάπησαν.</em></span> 
     </span>
    </p>
   </div>
   <div class='ocr_carea' id='block_1_8' title="bbox 1960 0 2107 3377">
    <p class='ocr_par' dir='ltr' id='par_1_8' title="bbox 1960 0 2107 3377">
     <span class='ocr_line' id='line_1_32' title="bbox 1960 0 2107 3377; baseline 0 0"><span class='ocrx_word' id='word_1_236' title='bbox 1960 0 2107 3377; x_wconf 95' lang='lat' dir='ltr'><em> </em></span> 
     </span>
    </p>
   </div>
   <div class='ocr_carea' id='block_1_9' title="bbox 255 1918 1932 2195">
    <p class='ocr_par' dir='ltr' id='par_1_9' title="bbox 367 1918 1102 1964">
     <span class='ocr_line' id='line_1_33' title="bbox 367 1918 1102 1964; baseline 0.001 -11"><span class='ocrx_word' id='word_1_237' title='bbox 367 1918 725 1954; x_wconf 86' lang='lat' dir='ltr'><strong>PFLAOVWELat</strong></span> <span class='ocrx_word' id='word_1_238' title='bbox 737 1920 898 1955; x_wconf 83' lang='lat' dir='ltr'><strong>Zonaras</strong></span> <span class='ocrx_word' id='word_1_239' title='bbox 922 1919 940 1954; x_wconf 91' lang='lat' dir='ltr'>I</span> <span class='ocrx_word' id='word_1_240' title='bbox 964 1931 998 1964; x_wconf 93' lang='lat' dir='ltr'><em>p.</em></span> <span class='ocrx_word' id='word_1_241' title='bbox 1025 1923 1102 1955; x_wconf 79' lang='lat'><strong>354.</strong></span> 
     </span>
    </p>

    <p class='ocr_par' dir='ltr' id='par_1_10' title="bbox 255 1975 1932 2195">
     <span class='ocr_line' id='line_1_34' title="bbox 371 1975 1932 2026; baseline 0.003 -15"><span class='ocrx_word' id='word_1_242' title='bbox 371 1978 387 2011; x_wconf 96' lang='grc'>1</span> <span class='ocrx_word' id='word_1_243' title='bbox 412 1975 732 2022; x_wconf 81' lang='grc' dir='ltr'><em>*παρακελευὲτω</em></span> <span class='ocrx_word' id='word_1_244' title='bbox 757 1976 805 2011; x_wconf 83' lang='lat' dir='ltr'><em>L¹</em></span> <span class='ocrx_word' id='word_1_245' title='bbox 921 1976 1107 2020; x_wconf 80' lang='grc' dir='ltr'><em>*με’λλειν]</em></span> <span class='ocrx_word' id='word_1_246' title='bbox 1132 1976 1259 2021; x_wconf 81' lang='grc' dir='ltr'><em>μένειν</em></span> <span class='ocrx_word' id='word_1_247' title='bbox 1284 1976 1408 2012; x_wconf 79' lang='lat' dir='ltr'>PFLV</span> <span class='ocrx_word' id='word_1_248' title='bbox 1433 1976 1626 2023; x_wconf 72' lang='lat' dir='ltr'><em>neqleqere</em></span> <span class='ocrx_word' id='word_1_249' title='bbox 1649 1977 1721 2013; x_wconf 83' lang='lat' dir='ltr'><em>Lat</em></span> <span class='ocrx_word' id='word_1_250' title='bbox 1835 1981 1932 2026; x_wconf 78' lang='grc' dir='ltr'><em>θαρ·</em></span> 
     </span>
     <span class='ocr_line' id='line_1_35' title="bbox 257 2028 1883 2079; baseline 0.002 -12"><span class='ocrx_word' id='word_1_251' title='bbox 257 2035 397 2078; x_wconf 71' lang='grc' dir='ltr'><em>ροῦντα</em></span> <span class='ocrx_word' id='word_1_252' title='bbox 422 2032 455 2067; x_wconf 92' lang='grc' dir='ltr'>Ε</span> <span class='ocrx_word' id='word_1_253' title='bbox 572 2035 592 2067; x_wconf 85' lang='grc'>2</span> <span class='ocrx_word' id='word_1_254' title='bbox 616 2028 859 2079; x_wconf 73' lang='grc' dir='ltr'><em>*ἡγήσασθαι</em></span> <span class='ocrx_word' id='word_1_255' title='bbox 884 2032 978 2068; x_wconf 83' lang='lat' dir='ltr'><em>PFV</em></span> <span class='ocrx_word' id='word_1_256' title='bbox 1093 2046 1157 2077; x_wconf 90' lang='grc' dir='ltr'><em>μοι</em></span> <span class='ocrx_word' id='word_1_257' title='bbox 1182 2032 1396 2068; x_wconf 86' lang='lat' dir='ltr'>FLAVWE</span> <span class='ocrx_word' id='word_1_258' title='bbox 1505 2034 1743 2079; x_wconf 85' lang='grc' dir='ltr'><em>*στρατείασ</em></span> <span class='ocrx_word' id='word_1_259' title='bbox 1766 2034 1883 2070; x_wconf 83' lang='lat' dir='ltr'><strong>FA¹V</strong></span> 
     </span>
     <span class='ocr_line' id='line_1_36' title="bbox 256 2086 1932 2138; baseline 0.002 -13"><span class='ocrx_word' id='word_1_260' title='bbox 256 2094 275 2122; x_wconf 73' lang='grc'><strong>3</strong></span> <span class='ocrx_word' id='word_1_261' title='bbox 301 2086 563 2134; x_wconf 83' lang='grc' dir='ltr'><em>*παραδόσειν</em></span> <span class='ocrx_word' id='word_1_262' title='bbox 587 2089 615 2123; x_wconf 91' lang='lat' dir='ltr'>P</span> <span class='ocrx_word' id='word_1_263' title='bbox 708 2093 729 2124; x_wconf 92' lang='grc'>4</span> <span class='ocrx_word' id='word_1_264' title='bbox 754 2087 882 2132; x_wconf 82' lang='grc' dir='ltr'><em>*ἰδὼν1</em></span> <span class='ocrx_word' id='word_1_265' title='bbox 908 2087 1020 2126; x_wconf 83' lang='grc' dir='ltr'><em>εἰδώσ</em></span> <span class='ocrx_word' id='word_1_266' title='bbox 1035 2089 1064 2123; x_wconf 87' lang='lat' dir='ltr'>F</span> <span class='ocrx_word' id='word_1_267' title='bbox 1159 2088 1431 2136; x_wconf 73' lang='grc' dir='ltr'><em>*ἐπιμνησθεὶσ</em></span> <span class='ocrx_word' id='word_1_268' title='bbox 1453 2089 1487 2125; x_wconf 87' lang='lat' dir='ltr'><strong>V</strong></span> <span class='ocrx_word' id='word_1_269' title='bbox 1580 2094 1600 2125; x_wconf 91' lang='lat'>5</span> <span class='ocrx_word' id='word_1_270' title='bbox 1625 2092 1696 2127; x_wconf 89' lang='grc' dir='ltr'><em>*τε</em></span> <span class='ocrx_word' id='word_1_271' title='bbox 1719 2093 1784 2127; x_wconf 84' lang='grc' dir='ltr'><em>καὶ</em></span> <span class='ocrx_word' id='word_1_272' title='bbox 1808 2104 1932 2138; x_wconf 84' lang='grc' dir='ltr'><em>παρα-</em></span> 
     </span>
     <span class='ocr_line' id='line_1_37' title="bbox 255 2143 1929 2195; baseline 0.002 -14"><span class='ocrx_word' id='word_1_273' title='bbox 255 2143 463 2188; x_wconf 75' lang='grc' dir='ltr'><em>κελεύσεως</em></span> <span class='ocrx_word' id='word_1_274' title='bbox 487 2157 555 2182; x_wconf 88' lang='lat' dir='ltr'><em>om.</em></span> <span class='ocrx_word' id='word_1_275' title='bbox 574 2146 621 2181; x_wconf 90' lang='lat' dir='ltr'>W</span> <span class='ocrx_word' id='word_1_276' title='bbox 692 2148 712 2181; x_wconf 87' lang='lat'><strong>6</strong></span> <span class='ocrx_word' id='word_1_277' title='bbox 738 2143 922 2193; x_wconf 83' lang='grc' dir='ltr'><em>στρατιὰν</em></span> <span class='ocrx_word' id='word_1_278' title='bbox 946 2146 1006 2180; x_wconf 90' lang='lat' dir='ltr'><em>PF</em></span> <span class='ocrx_word' id='word_1_279' title='bbox 1009 2147 1074 2181; x_wconf 88' lang='lat' dir='ltr'><em>LE</em></span> <span class='ocrx_word' id='word_1_280' title='bbox 1168 2144 1371 2192; x_wconf 64' lang='grc' dir='ltr'><em>*ιἰκιξσειν]</em></span> <span class='ocrx_word' id='word_1_281' title='bbox 1401 2146 1533 2182; x_wconf 73' lang='lat' dir='ltr'><em>uicisse</em></span> <span class='ocrx_word' id='word_1_282' title='bbox 1555 2146 1638 2190; x_wconf 78' lang='lat' dir='ltr'>Lat,</span> <span class='ocrx_word' id='word_1_283' title='bbox 1662 2147 1758 2183; x_wconf 82' lang='lat' dir='ltr'><strong>unde</strong></span> <span class='ocrx_word' id='word_1_284' title='bbox 1782 2150 1929 2195; x_wconf 79' lang='grc' dir='ltr'><em>νικῆσαι</em></span> 
     </span>
    </p>
   </div>
   <div class='ocr_carea' id='block_1_10' title="bbox 254 2199 1930 2306">
    <p class='ocr_par' dir='ltr' id='par_1_11' title="bbox 254 2199 1930 2306">
     <span class='ocr_line' id='line_1_38' title="bbox 256 2199 1929 2252; baseline 0.004 -16"><span class='ocrx_word' id='word_1_285' title='bbox 256 2203 335 2245; x_wconf 90' lang='lat' dir='ltr'>quis</span> <span class='ocrx_word' id='word_1_286' title='bbox 361 2202 555 2238; x_wconf 83' lang='lat' dir='ltr'>coniecerit</span> <span class='ocrx_word' id='word_1_287' title='bbox 646 2200 912 2245; x_wconf 60' lang='grc' dir='ltr'><em>*καταλύσεινῆ</em></span> <span class='ocrx_word' id='word_1_288' title='bbox 937 2203 1089 2238; x_wconf 74' lang='lat' dir='ltr'><em>soluisse</em></span> <span class='ocrx_word' id='word_1_289' title='bbox 1112 2203 1182 2238; x_wconf 84' lang='lat' dir='ltr'><em>Lat</em></span> <span class='ocrx_word' id='word_1_290' title='bbox 1278 2207 1295 2236; x_wconf 76' lang='grc' dir='ltr'>ἵ</span> <span class='ocrx_word' id='word_1_291' title='bbox 1324 2199 1402 2239; x_wconf 75' lang='grc' dir='ltr'><em>ἔστι</em></span> <span class='ocrx_word' id='word_1_292' title='bbox 1427 2203 1573 2238; x_wconf 90' lang='lat' dir='ltr'>PLAW</span> <span class='ocrx_word' id='word_1_293' title='bbox 1651 2202 1929 2252; x_wconf 85' lang='grc' dir='ltr'><em>προχωρήσειν]</em></span> 
     </span>
     <span class='ocr_line' id='line_1_39' title="bbox 254 2254 1930 2306; baseline 0.002 -12"><span class='ocrx_word' id='word_1_294' title='bbox 254 2256 444 2305; x_wconf 71' lang='grc' dir='ltr'><em>χωρήσειν</em></span> <span class='ocrx_word' id='word_1_295' title='bbox 466 2259 499 2293; x_wconf 89' lang='grc' dir='ltr'><strong>Α</strong></span> <span class='ocrx_word' id='word_1_296' title='bbox 594 2262 614 2294; x_wconf 83' lang='grc'>8</span> <span class='ocrx_word' id='word_1_297' title='bbox 639 2262 759 2296; x_wconf 81' lang='grc' dir='ltr'><em>ταῦτα</em></span> <span class='ocrx_word' id='word_1_298' title='bbox 785 2260 818 2294; x_wconf 91' lang='grc' dir='ltr'>Ε</span> <span class='ocrx_word' id='word_1_299' title='bbox 911 2263 930 2295; x_wconf 87' lang='grc'>9</span> <span class='ocrx_word' id='word_1_300' title='bbox 954 2254 1155 2302; x_wconf 77' lang='grc' dir='ltr'><em>Ἰουδαίων]</em></span> <span class='ocrx_word' id='word_1_301' title='bbox 1181 2259 1314 2306; x_wconf 72' lang='grc' dir='ltr'><em>ἱερέων</em></span> <span class='ocrx_word' id='word_1_302' title='bbox 1330 2259 1479 2295; x_wconf 89' lang='lat' dir='ltr'>FAVW</span> <span class='ocrx_word' id='word_1_303' title='bbox 1503 2259 1656 2306; x_wconf 73' lang='lat' dir='ltr'><em>reliquis</em></span> <span class='ocrx_word' id='word_1_304' title='bbox 1677 2261 1930 2297; x_wconf 76' lang='lat' dir='ltr'><em>sacerdotibus</em></span> 
     </span>
    </p>
   </div>
   <div class='ocr_carea' id='block_1_11' title="bbox 257 2312 1934 2982">
    <p class='ocr_par' dir='ltr' id='par_1_12' title="bbox 257 2312 1934 2982">
     <span class='ocr_line' id='line_1_40' title="bbox 257 2312 1930 2364; baseline 0.004 -16"><span class='ocrx_word' id='word_1_305' title='bbox 257 2315 328 2349; x_wconf 77' lang='lat' dir='ltr'><em>Lat</em></span> <span class='ocrx_word' id='word_1_306' title='bbox 419 2315 724 2364; x_wconf 77' lang='grc' dir='ltr'><em>*παραγίγνεται</em></span> <span class='ocrx_word' id='word_1_307' title='bbox 749 2316 782 2350; x_wconf 89' lang='grc' dir='ltr'><strong>Α</strong></span> <span class='ocrx_word' id='word_1_308' title='bbox 877 2320 918 2350; x_wconf 87' lang='lat'><em>10</em></span> <span class='ocrx_word' id='word_1_309' title='bbox 944 2314 1017 2358; x_wconf 82' lang='grc' dir='ltr'><em>ἐπὶ]</em></span> <span class='ocrx_word' id='word_1_310' title='bbox 1044 2316 1101 2353; x_wconf 86' lang='grc' dir='ltr'><em>εἰσ</em></span> <span class='ocrx_word' id='word_1_311' title='bbox 1126 2316 1157 2351; x_wconf 89' lang='grc' dir='ltr'><strong>Ε</strong></span> <span class='ocrx_word' id='word_1_312' title='bbox 1182 2321 1280 2351; x_wconf 84' lang='lat' dir='ltr'>recte</span> <span class='ocrx_word' id='word_1_313' title='bbox 1296 2320 1336 2351; x_wconf 89' lang='lat' dir='ltr'><em>ut</em></span> <span class='ocrx_word' id='word_1_314' title='bbox 1352 2316 1423 2351; x_wconf 90' lang='lat' dir='ltr'>uid.</span> <span class='ocrx_word' id='word_1_315' title='bbox 1519 2312 1767 2364; x_wconf 82' lang='grc' dir='ltr'><em>*άρχιερέως1</em></span> <span class='ocrx_word' id='word_1_316' title='bbox 1793 2316 1930 2364; x_wconf 79' lang='grc' dir='ltr'><em>ἱερέωσ</em></span> 
     </span>
     <span class='ocr_line' id='line_1_41' title="bbox 257 2369 1930 2422; baseline 0.005 -18"><span class='ocrx_word' id='word_1_317' title='bbox 257 2370 290 2404; x_wconf 89' lang='lat' dir='ltr'>V</span> <span class='ocrx_word' id='word_1_318' title='bbox 312 2370 515 2407; x_wconf 73' lang='lat' dir='ltr'><em>sacerdotis</em></span> <span class='ocrx_word' id='word_1_319' title='bbox 537 2372 610 2408; x_wconf 84' lang='lat' dir='ltr'><em>Lat</em></span> <span class='ocrx_word' id='word_1_320' title='bbox 701 2369 924 2419; x_wconf 78' lang='grc' dir='ltr'><em>*ὑφήγησιν,</em></span> <span class='ocrx_word' id='word_1_321' title='bbox 949 2369 970 2409; x_wconf 71' lang='grc' dir='ltr'>ὓ</span> <span class='ocrx_word' id='word_1_322' title='bbox 987 2383 1031 2408; x_wconf 84' lang='lat' dir='ltr'><em>ex</em></span> <span class='ocrx_word' id='word_1_323' title='bbox 1047 2369 1072 2410; x_wconf 82' lang='grc' dir='ltr'><em>α’</em></span> <span class='ocrx_word' id='word_1_324' title='bbox 1090 2383 1182 2408; x_wconf 88' lang='lat' dir='ltr'>corr.</span> <span class='ocrx_word' id='word_1_325' title='bbox 1201 2372 1231 2406; x_wconf 91' lang='lat' dir='ltr'>L</span> <span class='ocrx_word' id='word_1_326' title='bbox 1257 2369 1278 2408; x_wconf 76' lang='grc' dir='ltr'><em>ὓ</em></span> <span class='ocrx_word' id='word_1_327' title='bbox 1302 2372 1325 2408; x_wconf 86' lang='lat' dir='ltr'><em>i.</em></span> <span class='ocrx_word' id='word_1_328' title='bbox 1343 2383 1414 2408; x_wconf 83' lang='lat' dir='ltr'><strong>ras.</strong></span> <span class='ocrx_word' id='word_1_329' title='bbox 1442 2374 1471 2408; x_wconf 93' lang='lat' dir='ltr'>O</span> <span class='ocrx_word' id='word_1_330' title='bbox 1546 2377 1582 2409; x_wconf 89' lang='lat'><em>11</em></span> <span class='ocrx_word' id='word_1_331' title='bbox 1610 2375 1674 2410; x_wconf 81' lang='grc' dir='ltr'><em>καὶ</em></span> <span class='ocrx_word' id='word_1_332' title='bbox 1698 2371 1792 2411; x_wconf 76' lang='grc' dir='ltr'><em>τοὺσ</em></span> <span class='ocrx_word' id='word_1_333' title='bbox 1816 2373 1930 2422; x_wconf 74' lang='grc' dir='ltr'><em>ἱερεῖς</em></span> 
     </span>
     <span class='ocr_line' id='line_1_42' title="bbox 258 2427 1884 2478; baseline 0.003 -17"><span class='ocrx_word' id='word_1_334' title='bbox 258 2437 326 2462; x_wconf 89' lang='lat' dir='ltr'><em>om.</em></span> <span class='ocrx_word' id='word_1_335' title='bbox 342 2427 469 2463; x_wconf 87' lang='lat' dir='ltr'><strong>PFVE</strong></span> <span class='ocrx_word' id='word_1_336' title='bbox 542 2431 582 2464; x_wconf 82' lang='lat'><em>12</em></span> <span class='ocrx_word' id='word_1_337' title='bbox 607 2431 858 2476; x_wconf 77' lang='grc' dir='ltr'><em>*δειχθείσης]</em></span> <span class='ocrx_word' id='word_1_338' title='bbox 883 2430 1097 2475; x_wconf 76' lang='grc' dir='ltr'><em>δοχθείσησ,</em></span> <span class='ocrx_word' id='word_1_339' title='bbox 1122 2429 1146 2464; x_wconf 87' lang='lat' dir='ltr'><em>i.</em></span> <span class='ocrx_word' id='word_1_340' title='bbox 1163 2439 1274 2474; x_wconf 81' lang='lat' dir='ltr'><strong>marg.</strong></span> <span class='ocrx_word' id='word_1_341' title='bbox 1291 2443 1340 2476; x_wconf 80' lang='grc' dir='ltr'><em>γρ</em></span> <span class='ocrx_word' id='word_1_342' title='bbox 1357 2431 1572 2477; x_wconf 70' lang='grc' dir='ltr'><em>δειχθείσησ</em></span> <span class='ocrx_word' id='word_1_343' title='bbox 1588 2431 1622 2463; x_wconf 88' lang='grc' dir='ltr'><strong>Α</strong></span> <span class='ocrx_word' id='word_1_344' title='bbox 1639 2432 1821 2478; x_wconf 78' lang='grc' dir='ltr'><em>δοθείσησ</em></span> <span class='ocrx_word' id='word_1_345' title='bbox 1837 2431 1884 2466; x_wconf 91' lang='lat' dir='ltr'>W</span> 
     </span>
     <span class='ocr_line' id='line_1_43' title="bbox 258 2478 1885 2532; baseline 0.004 -15"><span class='ocrx_word' id='word_1_346' title='bbox 258 2478 308 2523; x_wconf 73' lang='grc' dir='ltr'><em>δ’]</em></span> <span class='ocrx_word' id='word_1_347' title='bbox 333 2493 402 2518; x_wconf 88' lang='lat' dir='ltr'><em>om.</em></span> <span class='ocrx_word' id='word_1_348' title='bbox 429 2483 456 2518; x_wconf 93' lang='lat' dir='ltr'><strong>P</strong></span> <span class='ocrx_word' id='word_1_349' title='bbox 481 2484 520 2522; x_wconf 79' lang='grc' dir='ltr'><em>δὲ</em></span> <span class='ocrx_word' id='word_1_350' title='bbox 544 2484 676 2522; x_wconf 83' lang='lat' dir='ltr'><strong>FOVE</strong></span> <span class='ocrx_word' id='word_1_351' title='bbox 782 2487 875 2531; x_wconf 77' lang='grc' dir='ltr'><em>’τῆς</em></span> <span class='ocrx_word' id='word_1_352' title='bbox 898 2496 967 2522; x_wconf 90' lang='lat' dir='ltr'><em>om.</em></span> <span class='ocrx_word' id='word_1_353' title='bbox 993 2486 1040 2520; x_wconf 85' lang='lat' dir='ltr'>W</span> <span class='ocrx_word' id='word_1_354' title='bbox 1155 2484 1345 2532; x_wconf 78' lang='grc' dir='ltr'><em>*δανιήλω</em></span> <span class='ocrx_word' id='word_1_355' title='bbox 1371 2486 1404 2520; x_wconf 81' lang='lat' dir='ltr'>V</span> <span class='ocrx_word' id='word_1_356' title='bbox 1515 2489 1554 2521; x_wconf 84' lang='lat'><em>13</em></span> <span class='ocrx_word' id='word_1_357' title='bbox 1580 2485 1815 2524; x_wconf 81' lang='grc' dir='ltr'><em>*καταλύσιν</em></span> <span class='ocrx_word' id='word_1_358' title='bbox 1837 2487 1885 2523; x_wconf 90' lang='lat' dir='ltr'><em>L¹</em></span> 
     </span>
     <span class='ocr_line' id='line_1_44' title="bbox 259 2535 1932 2589; baseline 0.004 -14"><span class='ocrx_word' id='word_1_359' title='bbox 259 2535 337 2584; x_wconf 76' lang='grc' dir='ltr'><em>τὴν]</em></span> <span class='ocrx_word' id='word_1_360' title='bbox 362 2542 439 2576; x_wconf 80' lang='grc' dir='ltr'><em>τῶν</em></span> <span class='ocrx_word' id='word_1_361' title='bbox 463 2540 496 2575; x_wconf 89' lang='grc' dir='ltr'><strong>Ε</strong></span> <span class='ocrx_word' id='word_1_362' title='bbox 607 2541 786 2589; x_wconf 79' lang='grc' dir='ltr'><em>ἐδηλοῦτο</em></span> <span class='ocrx_word' id='word_1_363' title='bbox 811 2543 844 2578; x_wconf 87' lang='grc' dir='ltr'><strong>Ε</strong></span> <span class='ocrx_word' id='word_1_364' title='bbox 961 2538 1108 2579; x_wconf 70' lang='grc' dir='ltr'><em>*αὐτὸν</em></span> <span class='ocrx_word' id='word_1_365' title='bbox 1132 2540 1227 2579; x_wconf 78' lang='grc' dir='ltr'><em>εἶναι</em></span> <span class='ocrx_word' id='word_1_366' title='bbox 1251 2539 1321 2579; x_wconf 86' lang='grc' dir='ltr'><em>τὸν</em></span> <span class='ocrx_word' id='word_1_367' title='bbox 1346 2541 1628 2589; x_wconf 77' lang='grc' dir='ltr'><em>σημαινόμενον</em></span> <span class='ocrx_word' id='word_1_368' title='bbox 1651 2544 1733 2579; x_wconf 87' lang='lat' dir='ltr'><em>AW</em></span> <span class='ocrx_word' id='word_1_369' title='bbox 1828 2548 1870 2581; x_wconf 68' lang='lat'><em>14</em></span> <span class='ocrx_word' id='word_1_370' title='bbox 1893 2545 1932 2583; x_wconf 83' lang='grc' dir='ltr'><em>δὲ</em></span> 
     </span>
     <span class='ocr_line' id='line_1_45' title="bbox 258 2595 1932 2650; baseline 0.005 -21"><span class='ocrx_word' id='word_1_371' title='bbox 258 2595 470 2631; x_wconf 84' lang='lat' dir='ltr'><strong>FLOVWE</strong></span> <span class='ocrx_word' id='word_1_372' title='bbox 598 2603 636 2634; x_wconf 86' lang='lat'><em>15</em></span> <span class='ocrx_word' id='word_1_373' title='bbox 661 2599 859 2636; x_wconf 79' lang='grc' dir='ltr'><em>*αἰτίσθαι</em></span> <span class='ocrx_word' id='word_1_374' title='bbox 886 2599 913 2634; x_wconf 91' lang='grc' dir='ltr'><strong><em>Ρ</em></strong></span> <span class='ocrx_word' id='word_1_375' title='bbox 979 2646 997 2650; x_wconf 65' lang='grc'>-</span> <span class='ocrx_word' id='word_1_376' title='bbox 1038 2602 1078 2634; x_wconf 81' lang='grc'><em>16</em></span> <span class='ocrx_word' id='word_1_377' title='bbox 1104 2599 1141 2636; x_wconf 78' lang='grc' dir='ltr'><em>δὲ</em></span> <span class='ocrx_word' id='word_1_378' title='bbox 1166 2599 1231 2634; x_wconf 83' lang='lat' dir='ltr'><em>FE</em></span> <span class='ocrx_word' id='word_1_379' title='bbox 1344 2602 1511 2646; x_wconf 76' lang='grc' dir='ltr'><em>χρῆσθαι</em></span> <span class='ocrx_word' id='word_1_380' title='bbox 1537 2599 1570 2634; x_wconf 92' lang='grc' dir='ltr'><strong>Ε</strong></span> <span class='ocrx_word' id='word_1_381' title='bbox 1685 2603 1874 2647; x_wconf 82' lang='grc' dir='ltr'><em>πατρίοις]</em></span> <span class='ocrx_word' id='word_1_382' title='bbox 1899 2602 1932 2637; x_wconf 83' lang='grc' dir='ltr'>Ε</span> 
     </span>
     <span class='ocr_line' id='line_1_46' title="bbox 259 2646 1934 2700; baseline 0.005 -13"><span class='ocrx_word' id='word_1_383' title='bbox 259 2646 458 2697; x_wconf 77' lang='grc' dir='ltr'><em>πατρώοισ</em></span> <span class='ocrx_word' id='word_1_384' title='bbox 484 2655 587 2690; x_wconf 89' lang='lat' dir='ltr'>codd.</span> <span class='ocrx_word' id='word_1_385' title='bbox 685 2659 723 2691; x_wconf 78' lang='grc' dir='ltr'><strong><em>Π</em></strong></span> <span class='ocrx_word' id='word_1_386' title='bbox 749 2653 955 2700; x_wconf 63' lang='grc' dir='ltr'><em>*ξ’βδομον]</em></span> <span class='ocrx_word' id='word_1_387' title='bbox 981 2659 999 2700; x_wconf 80' lang='grc' dir='ltr'><strong>ζ</strong></span> <span class='ocrx_word' id='word_1_388' title='bbox 1024 2656 1056 2691; x_wconf 78' lang='lat' dir='ltr'>V</span> <span class='ocrx_word' id='word_1_389' title='bbox 1142 2649 1322 2693; x_wconf 72' lang='grc' dir='ltr'><em>*ἅπαντα</em></span> <span class='ocrx_word' id='word_1_390' title='bbox 1348 2655 1429 2690; x_wconf 89' lang='lat' dir='ltr'><em>AW</em></span> <span class='ocrx_word' id='word_1_391' title='bbox 1527 2659 1565 2691; x_wconf 81' lang='lat'><em>18</em></span> <span class='ocrx_word' id='word_1_392' title='bbox 1591 2656 1630 2692; x_wconf 79' lang='grc' dir='ltr'><em>δὲ</em></span> <span class='ocrx_word' id='word_1_393' title='bbox 1654 2657 1687 2691; x_wconf 90' lang='grc' dir='ltr'><strong>Ε</strong></span> <span class='ocrx_word' id='word_1_394' title='bbox 1780 2653 1934 2695; x_wconf 78' lang='grc' dir='ltr'><em>*αὐτῶν</em></span> 
     </span>
     <span class='ocr_line' id='line_1_47' title="bbox 258 2708 1841 2759; baseline 0.004 -15"><span class='ocrx_word' id='word_1_395' title='bbox 258 2708 449 2745; x_wconf 83' lang='lat' dir='ltr'><strong>FA¹OVW</strong></span> <span class='ocrx_word' id='word_1_396' title='bbox 563 2710 617 2753; x_wconf 75' lang='grc' dir='ltr'><em>ἐν]</em></span> <span class='ocrx_word' id='word_1_397' title='bbox 642 2710 683 2748; x_wconf 80' lang='grc' dir='ltr'><em>ἐν</em></span> <span class='ocrx_word' id='word_1_398' title='bbox 707 2714 751 2758; x_wconf 83' lang='grc' dir='ltr'><em>τῆ</em></span> <span class='ocrx_word' id='word_1_399' title='bbox 775 2712 857 2747; x_wconf 88' lang='lat' dir='ltr'><em>AW</em></span> <span class='ocrx_word' id='word_1_400' title='bbox 964 2713 1097 2759; x_wconf 76' lang='grc' dir='ltr'><em>μηδεία</em></span> <span class='ocrx_word' id='word_1_401' title='bbox 1122 2712 1152 2747; x_wconf 91' lang='lat' dir='ltr'>L</span> <span class='ocrx_word' id='word_1_402' title='bbox 1271 2715 1310 2747; x_wconf 87' lang='lat'><em>19</em></span> <span class='ocrx_word' id='word_1_403' title='bbox 1335 2713 1483 2756; x_wconf 71' lang='grc' dir='ltr'><em>’ἰόιόιςΙ</em></span> <span class='ocrx_word' id='word_1_404' title='bbox 1509 2712 1689 2749; x_wconf 77' lang='grc' dir='ltr'><em>ἰουδαίων</em></span> <span class='ocrx_word' id='word_1_405' title='bbox 1712 2713 1841 2750; x_wconf 82' lang='lat' dir='ltr'><strong>PFOV</strong></span> 
     </span>
     <span class='ocr_line' id='line_1_48' title="bbox 259 2764 1931 2816; baseline 0.004 -14"><span class='ocrx_word' id='word_1_406' title='bbox 259 2764 494 2814; x_wconf 70' lang='grc' dir='ltr'><em>*ἐπιστρέψῃ</em></span> <span class='ocrx_word' id='word_1_407' title='bbox 517 2768 546 2802; x_wconf 88' lang='lat' dir='ltr'><strong>F</strong></span> <span class='ocrx_word' id='word_1_408' title='bbox 572 2768 790 2816; x_wconf 77' lang='grc' dir='ltr'><em>ἐπιτρέψειν</em></span> <span class='ocrx_word' id='word_1_409' title='bbox 814 2769 843 2804; x_wconf 90' lang='lat' dir='ltr'>V</span> <span class='ocrx_word' id='word_1_410' title='bbox 937 2772 1103 2815; x_wconf 76' lang='grc' dir='ltr'><em>χρῆσθαι</em></span> <span class='ocrx_word' id='word_1_411' title='bbox 1129 2766 1267 2814; x_wconf 86' lang='grc' dir='ltr'><em>νόμοισ</em></span> <span class='ocrx_word' id='word_1_412' title='bbox 1291 2771 1336 2804; x_wconf 87' lang='lat' dir='ltr'><em>tr.</em></span> <span class='ocrx_word' id='word_1_413' title='bbox 1354 2769 1471 2805; x_wconf 82' lang='lat' dir='ltr'><em>AWE</em></span> <span class='ocrx_word' id='word_1_414' title='bbox 1564 2766 1808 2815; x_wconf 75' lang='grc' dir='ltr'><em>*χρήσασθαι</em></span> <span class='ocrx_word' id='word_1_415' title='bbox 1834 2770 1931 2808; x_wconf 84' lang='lat' dir='ltr'><em>FOV</em></span> 
     </span>
     <span class='ocr_line' id='line_1_49' title="bbox 373 2820 1840 2872; baseline 0.002 -13"><span class='ocrx_word' id='word_1_416' title='bbox 373 2820 600 2870; x_wconf 75' lang='grc' dir='ltr'><em>*ὑπέσχετο1</em></span> <span class='ocrx_word' id='word_1_417' title='bbox 632 2823 834 2872; x_wconf 69' lang='grc' dir='ltr'><em>ὑπεδέχετο</em></span> <span class='ocrx_word' id='word_1_418' title='bbox 867 2825 996 2861; x_wconf 86' lang='lat' dir='ltr'>FLOV</span> <span class='ocrx_word' id='word_1_419' title='bbox 1134 2827 1287 2863; x_wconf 80' lang='grc' dir='ltr'><em>*ποιεῖν</em></span> <span class='ocrx_word' id='word_1_420' title='bbox 1315 2825 1427 2860; x_wconf 85' lang='lat' dir='ltr'><em>LAw</em></span> <span class='ocrx_word' id='word_1_421' title='bbox 1568 2829 1609 2860; x_wconf 78' lang='lat'><em>20</em></span> <span class='ocrx_word' id='word_1_422' title='bbox 1641 2825 1679 2861; x_wconf 77' lang='grc' dir='ltr'><em>ὁὲ</em></span> <span class='ocrx_word' id='word_1_423' title='bbox 1711 2826 1840 2862; x_wconf 87' lang='lat' dir='ltr'>FLOE</span> 
     </span>
     <span class='ocr_line' id='line_1_50' title="bbox 260 2876 1840 2928; baseline 0.002 -13"><span class='ocrx_word' id='word_1_424' title='bbox 260 2877 310 2921; x_wconf 78' lang='grc' dir='ltr'><em>εἶ’]</em></span> <span class='ocrx_word' id='word_1_425' title='bbox 337 2876 378 2915; x_wconf 73' lang='grc' dir='ltr'><em>οἵ</em></span> <span class='ocrx_word' id='word_1_426' title='bbox 398 2879 429 2913; x_wconf 88' lang='grc' dir='ltr'>Ε</span> <span class='ocrx_word' id='word_1_427' title='bbox 545 2885 585 2917; x_wconf 84' lang='lat'><em>21</em></span> <span class='ocrx_word' id='word_1_428' title='bbox 613 2879 841 2928; x_wconf 76' lang='grc' dir='ltr'><em>*πατρώοισ</em></span> <span class='ocrx_word' id='word_1_429' title='bbox 866 2881 960 2917; x_wconf 86' lang='lat' dir='ltr'><em>PFV</em></span> <span class='ocrx_word' id='word_1_430' title='bbox 1067 2880 1320 2927; x_wconf 71' lang='grc' dir='ltr'><em>*ἐνμένοντεσ</em></span> <span class='ocrx_word' id='word_1_431' title='bbox 1347 2883 1373 2917; x_wconf 88' lang='grc' dir='ltr'>Ρ</span> <span class='ocrx_word' id='word_1_432' title='bbox 1474 2886 1516 2918; x_wconf 81' lang='lat'><em>22</em></span> <span class='ocrx_word' id='word_1_433' title='bbox 1542 2878 1787 2928; x_wconf 68' lang='grc' dir='ltr'><em>*άπάγεσθαι</em></span> <span class='ocrx_word' id='word_1_434' title='bbox 1811 2883 1840 2918; x_wconf 90' lang='lat' dir='ltr'>P</span> 
     </span>
     <span class='ocr_line' id='line_1_51' title="bbox 261 2931 564 2982; baseline 0.007 -11"><span class='ocrx_word' id='word_1_435' title='bbox 261 2931 444 2982; x_wconf 79' lang='grc' dir='ltr'><em>στρατιὰν</em></span> <span class='ocrx_word' id='word_1_436' title='bbox 468 2937 564 2973; x_wconf 85' lang='lat' dir='ltr'><em>PFE</em></span> 
     </span>
    </p>
   </div>
  </div>
 </body>
</html>
