2107 3377
315 173 369 212 50
758 174 922 218 ANTIQ.
940 164 1043 209 mn.
1069 174 1122 210 xl
1147 178 1327 211 237—244
1351 179 1527 220 (v1.9.10)

202 291 283 332 238
314 290 402 332 τῶν
429 287 639 344 χειρόνων
669 285 757 331 ὑπὸ
788 289 868 329 τοῦ
899 287 1056 344 φόβου,
1089 283 1365 347 ἀνεπήδησεν
1397 288 1441 332 ἐκ
1464 291 1543 332 τοῦ
1562 289 1744 345 θρόνου,
1776 291 1849 333 καὶ
1879 301 1977 344 ταῖς

315 351 525 412 ἀγκάλαις
557 350 691 412 αὐτὴν
721 351 962 409 ὑπολαβών
991 350 1200 399 ἆνεκτᾶτο
1232 356 1625 411 κατασπαζόμενός
1654 373 1702 399 τε
1731 359 1805 400 καὶ
1835 373 1978 415 προσ·
2024 382 2031 388 -

314 424 480 478 ομιλιῦν
510 420 652 479 ἡδέως
681 425 755 466 καὶ
786 426 974 478 θαρρεῖν
1004 425 1276 478 παρακαλῶν
1306 425 1379 466 καὶ
1409 425 1545 481 μηδὲν
1570 421 1839 468 ὑποπτεύειν
1877 440 1978 469 σκυ-

313 490 518 546 θρωπόν,
559 486 629 534 ὅτι
667 489 784 546 πρὸς
824 485 956 533 αὐτὸν
996 487 1181 549 ἄκλητος
1220 491 1373 534 ἔλθοι·
1413 490 1489 534 τὸν
1527 490 1610 547 γὰρ
1649 492 1784 547 νόμον
1823 495 1978 537 τοῦτον

313 557 428 614 πρὸς
465 558 568 609 τούς
606 555 828 615 ὑπηκόους
864 561 1068 611 κεῖσθαι,
1106 557 1185 615 τήν
1225 559 1272 602 δὲ
1312 556 1479 613 ὁμοίως
1511 555 1629 616 αὐτῷ
1657 560 1980 615 βασιλεύουσαν

201 630 282 672 239
312 627 464 669 πᾶσαν
495 626 607 680 ἔχειν
639 622 807 668 ἄδειαν.
865 627 1005 668 ταῦτα
1036 627 1173 682 λέγων
1202 625 1252 669 τὸ
1287 629 1510 683 σκῆπτρον
1540 623 1673 683 αὐτῆς
1703 627 1896 671 ἐνετίθει
1924 630 1980 686 τῇ
2034 645 2045 659 ·-

309 695 424 750 χειρὶ
454 695 528 736 καὶ
547 692 626 750 τὴν
649 693 812 750 ῥάβδον
834 691 1042 744 ἐξέτεινεν
1073 693 1149 737 ἐπὶ
1179 693 1256 738 τὸν
1279 689 1436 748 αὐχένα
1468 689 1601 753 αὐτῆς
1632 694 1706 739 διὰ
1737 694 1813 739 τὸν
1844 694 1979 751 νόμον

200 766 281 806 240
314 756 545 815 εὐλαβείας
577 756 710 819 αὐτὴν
743 756 966 804 ἀπολύων.
1025 759 1049 818 ἡ
1084 757 1125 804 δ’
1150 759 1239 805 ὑπὸ
1261 762 1429 805 τούτων
1450 757 1847 819 ἀναζωπυρήσασα,
1877 762 1979 816 ,,δέ-

313 824 464 879 σποτ),
500 826 637 881 εἶπεν,
671 825 747 872 οὐκ
778 829 860 883 ἔχω
893 845 964 873 σοι
995 829 1044 873 τὸ
1071 830 1298 887 αἰφνίδιον
1328 832 1407 872 τοῦ
1438 827 1763 888 συμβεβηκότος
1791 847 1869 885 μοι
1899 830 1979 888 ῥᾳ-

313 896 419 947 δίως
451 895 615 940 εἰπεῖν·
648 894 708 948 ὥς
737 897 820 954 γὰρ
852 895 970 942 εἶδόν
1002 913 1052 941 σε
1082 901 1217 954 μέγαν
1246 900 1319 941 καὶ
1350 897 1483 941 καλὸν
1511 899 1585 941 καὶ
1607 897 1812 955 φοβερόν,
1844 893 1980 950 εὐθὺς

201 966 279 1007 241
313 960 531 1018 ὑπεχώρει
561 982 647 1019 μου
677 964 727 1008 τὸ
760 967 934 1020 πνεῦμα
954 968 1028 1010 καὶ
1049 966 1372 1024 κατελειπόμην
1394 963 1483 1009 ὕπὸ
1507 968 1585 1023 τῆς
1607 968 1792 1023 ψι·χῆς.“
1849 965 1979 1020 μόλις

311 1026 353 1073 δ>
390 1027 524 1090 αὐτῆς
567 1035 640 1076 καὶ
686 1035 824 1076 ταῦτα
862 1037 1169 1091 φθεγγομένης
1207 1036 1280 1078 καὶ
1319 1033 1431 1089 μετὰ
1472 1029 1712 1085 ἀσθενείας
1761 1030 1892 1077 αὐτόν
1929 1049 1979 1077 τε

311 1095 477 1155 ἆγωνία
506 1102 580 1144 καὶ
610 1100 775 1158 ταραχὴ
807 1101 1133 1156 κατελάμβανεν
1163 1104 1236 1145 καὶ
1266 1101 1344 1159 τὴν
1369 1098 1550 1160 Ἐσθῆρ’
1585 1098 1791 1159 εὐψυχεῖν
1819 1103 1893 1145 καὶ
1922 1099 1979 1144 τὰ

309 1171 492 1222 κρείττω
524 1168 779 1224 προσδοκᾶν
810 1169 1162 1225 παρεθάρρυνεν,
1196 1167 1256 1220 (ὗς
1287 1166 1421 1213 αὐτοῦ
1449 1172 1523 1214 καὶ
1554 1169 1609 1213 τὰ
1643 1167 1777 1228 ἡμίση
1798 1172 1877 1228 τῆς
1895 1172 1979 1224 βα-

197 1237 278 1278 242
310 1236 501 1287 σιλείας,
544 1235 583 1278 εἰ
623 1236 768 1279 δέοιτο
807 1235 987 1289 τούτων,
1028 1237 1432 1294 παραχωρήσοντος
1469 1234 1591 1295 αὐτῇ.
1650 1235 1675 1295 ἡ
1709 1238 1756 1281 δὲ
1780 1234 1978 1294 Ἐσθήρα

310 1298 383 1359 ἐφ’
420 1301 620 1346 ἑστίασιν
660 1299 792 1346 αὐτὸν
830 1304 942 1358 μετὰ
969 1300 1165 1359 Ἀμάνου
1206 1307 1284 1348 τοῦ
1323 1307 1458 1363 φίλου
1497 1305 1612 1362 πρὸς
1652 1304 1786 1362 αὐτὴν
1826 1304 1978 1348 ἐλθεῖν
2035 1325 2067 1339 ι’

308 1367 516 1426 ἠξίωσεν·
549 1374 926 1426 παρεσκευακέναι
955 1371 1037 1428 γὰρ
1061 1368 1196 1428 αὐτὴν
1219 1373 1399 1416 δεῖπνον
1421 1373 1578 1430 ἔλεγεν.
1638 1370 1699 1424 ὥς
1731 1369 1772 1415 δ’
1799 1372 1978 1416 ἐπένευ-
2034 1378 2055 1439 '¹

309 1452 382 1480 σεν
412 1440 486 1482 καὶ
518 1441 738 1497 παρῆσαν,
768 1439 932 1493 μεταξὺ
963 1444 1107 1483 πίνων
1126 1440 1205 1499 τὴν
1229 1442 1419 1499 Ἐσθῆρα
1441 1441 1637 1485 ἐκέλευσε
1659 1442 1818 1500 δηλοῦν
1844 1435 1977 1497 αὐτῷ,

195 1510 275 1550 243
307 1509 352 1548 τί
379 1505 608 1560 βούλεται·
648 1506 837 1565 μηδενὸς
872 1507 955 1564 γὰρ
988 1503 1231 1565 ἀτυχήσειν,
1272 1506 1376 1567 μηδ’
1416 1528 1468 1553 αν
1496 1509 1546 1553 τὸ
1579 1512 1710 1566 μέρος
1740 1511 1817 1568 τῆς
1845 1512 1978 1564 βασι-

307 1574 428 1624 λείας
460 1572 651 1632 εθελήσῃ
686 1574 725 1633 [λ
729 1575 885 1635 αβεῖν].
945 1573 1049 1632 ἡδὲ
1082 1593 1144 1627 εις
1167 1576 1246 1633 τὴν
1268 1576 1485 1621 επιοῦσαν
1507 1573 1771 1656 ἀνεβάλλετο
1794 1575 1977 1634 φράζειν

308 1636 427 1698 αὐτῶ
456 1659 535 1700 την
568 1638 701 1700 αὐτῆς
730 1593 969 1702 βουλ,ησινη
988 1644 1026 1687 εἰ
1049 1644 1187 1688 πάλιν
1210 1645 1338 1688 ἔλθοι
1360 1644 1475 1700 πρὸς
1497 1641 1631 1702 αυτὴν
1652 1643 1763 1699 μετὰ
1779 1640 1976 1699 Ἀμάνου

307 1705 380 1766 έφ
407 1708 620 1753 εστίασιν.

194 1783 276 1822 244
423 1781 488 1821 10.
526 1780 615 1821 Τοῦ
646 1779 693 1821 δὲ
712 1780 932 1833 βασιλέως
962 1777 1267 1834 ὑποσχομένου
1298 1777 1320 1823 ὅ
1346 1776 1542 1838 Ἀμάνης
1574 1780 1760 1835 ἐξῆλθεν
1790 1796 1975 1835 περιχα-

307 1843 384 1900 ρὴς
407 1844 482 1888 ἐπὶ
503 1848 566 1901 τῷ
587 1846 723 1900 μόνον
742 1843 967 1903 ἠξιῶσθαι
990 1849 1266 1891 συνδειπνεῖν
1281 1851 1345 1904 τῷ
1360 1849 1538 1903 βασιλεῖ
1557 1848 1681 1903 παρὰ
1698 1851 1749 1906 τῇ
1765 1844 1974 1905 Ἐσθήρᾳ,

418 1992 438 2035 ξ
465 1993 528 2026 238
555 2010 598 2021 =
622 1992 757 2027 Esther
782 1992 813 2027 V
842 1996 870 2027 1.

418 2127 772 2162 PFLAOVWELat
785 2128 945 2163 Zonaras
969 2128 986 2163 I
1011 2140 1045 2173 p.
1072 2132 1148 2164 323.

420 2189 431 2217 1
461 2180 564 2220 *ἀπὸ
591 2184 624 2218 V
693 2183 746 2226 ἐκ]
773 2182 850 2221 α’πὸ
877 2185 1092 2219 FLAVWE
1165 2189 1183 2221 2
1209 2182 1457 2233 *ἱ-πολαβών]
1484 2182 1689 2234 ἀναλαβὼν
1713 2187 1740 2221 P
1765 2183 1973 2232 ὑποβαλὼν

302 2239 367 2274 FV
461 2243 528 2277 *τε
554 2251 622 2276 om.
649 2241 694 2276 W
799 2245 820 2276 4
844 2237 1020 2286 α’κλήτωσ
1045 2241 1074 2275 F
1181 2245 1200 2277 6
1225 2245 1353 2279 πᾶσαν
1378 2254 1445 2277 om.
1473 2243 1500 2277 P
1596 2247 1611 2277 ’a'
1639 2239 1739 2285 *dcc'd
1762 2245 1826 2279 καὶ
1851 2243 1880 2278 O

304 2300 322 2331 S
349 2293 477 2343 αὐτὴν]
504 2292 622 2334 αὐτὸν
645 2298 678 2330 Α
771 2298 809 2335 δὲ
835 2298 948 2333 OWE
1049 2296 1213 2335 *τούτον
1236 2299 1284 2333 L*
1383 2296 1757 2346 *α’ναζωπνρηθεῖσα
1783 2299 1926 2345 Cocceji

302 2353 468 2389 δέσποτα
495 2353 742 2389 FLAOVWE
816 2358 854 2388 10
881 2355 1005 2401 *μέγα
1031 2355 1060 2389 F
1136 2359 1170 2390 ll
1198 2359 1285 2400 μου]
1308 2369 1372 2400 μοι
1400 2356 1548 2391 LAWE
1621 2359 1660 2391 12
1686 2352 1732 2398 δ’]
1758 2367 1825 2391 om.
1844 2356 1973 2392 PFOV

303 2409 339 2445 δὲ
365 2410 396 2444 Ε
489 2413 553 2446 καὶ
577 2408 687 2455 μετὰ]
712 2408 784 2447 ὑπὸ
810 2412 843 2446 Ε
957 2415 993 2445 13
1021 2409 1128 2458 *τὴν]
1155 2409 1199 2448 τὸ
1226 2415 1295 2458 τῆσ
1321 2409 1378 2450 (τὸ
1405 2412 1522 2456 suppl.
1547 2423 1592 2447 m.
1621 2415 1652 2450 2»
1678 2414 1710 2448 V
1816 2409 1971 2461 Ἐσθῆρ’

303 2462 478 2512 εὐψυχεῖν
501 2469 576 2509 καὶ]
601 2466 772 2514 ἐσθήρασ
799 2464 920 2514 ψυχὴν
942 2465 1000 2514 (ἦν
1025 2478 1068 2503 ex
1092 2479 1184 2504 corr.
1210 2480 1253 2504 m.
1273 2471 1291 2503 2
1315 2469 1358 2511 V)
1384 2468 1478 2503 PFV
1502 2467 1647 2516 ἑσθήρα
1672 2467 1855 2517 (ἐσθήραν
1878 2469 1971 2511 L2A)

302 2517 480 2568 εὐψυχεῖν
503 2537 543 2560 τε
566 2527 630 2560 καὶ
654 2525 804 2559 LAWE
827 2523 996 2571 ἐσθῆραν
1021 2521 1198 2571 εὐψυχεῖν
1221 2528 1284 2561 καὶ
1302 2525 1330 2560 Ο
1405 2529 1444 2561 14
1470 2528 1673 2573 *κρει’ττω,
1699 2541 1729 2563 ω
1746 2536 1790 2561 ex
1815 2539 1861 2562 ov
1878 2536 1970 2562 corr.

302 2579 371 2613 uid.
399 2591 444 2614 m.
464 2582 483 2613 2
500 2580 530 2614 L
613 2579 936 2628 *παρεθάρσυνεν
961 2582 1039 2616 OW
1110 2576 1246 2628 *ἥμισυ
1270 2583 1298 2617 Ρ
1323 2579 1446 2628 ἡμίσει
1473 2583 1502 2617 Ο
1579 2587 1616 2618 15
1644 2579 1947 2630 *παραχωρῆσαι

302 2649 371 2671 τοσ
396 2636 474 2670 FW
546 2634 595 2683 *ἡ
621 2649 689 2673 om.
715 2638 775 2672 PF
845 2636 965 2685 ἐσθὴρ
991 2638 1055 2673 ΟΕ
1130 2642 1169 2674 16
1195 2634 1288 2675 *ἐπ’
1313 2637 1483 2675 ἑστίασιν
1507 2639 1535 2674 Ρ
1560 2638 1619 2676 ἐπὶ
1645 2639 1810 2675 ἑστίασιν
1828 2638 1925 2674 FOV

301 2690 502 2737 *ciudrom
527 2693 554 2728 P
580 2689 729 2739 α’μανοῦ
753 2695 782 2729 F
808 2698 876 2732 τοῦ
901 2692 1050 2740 α’μιὶνου
1074 2695 1106 2730 Ε
1198 2693 1335 2743 *πρὸς]
1360 2691 1425 2731 ἐπ
1578 2699 1613 2729 17
1639 2696 1677 2732 δὲ
1703 2695 1902 2731 FLAOVE

306 2754 343 2784 lb
370 2752 440 2795 *τῆ
466 2748 612 2797 ε’σθήρα
638 2751 751 2786 LAW
777 2749 845 2796 τὴν
868 2747 1038 2799 ἐσθήραν
1062 2752 1094 2787 V
1232 2748 1307 2789 *αι
1312 2766 1362 2788 τω
1389 2754 1523 2798 δηλοῦν
1546 2752 1680 2787 t1·.OV
1821 2755 1862 2786 2⁴)
1885 2750 1970 2789 ἐθε-

300 2825 391 2874 λήσῃ
417 2831 560 2875 λαβεῖν]
583 2841 736 2876 poscere
761 2831 934 2867 uoluisset
959 2831 1028 2866 Lat
1082 2812 1271 2909 *ἐθελήσει
1291 2831 1323 2865 Α
1393 2834 1525 2877 λαβεῖν
1550 2842 1618 2866 om.
1645 2830 1704 2865 1³1³
1780 2829 1851 2868 *ἐσ
1879 2831 1923 2866 W

300 2882 540 2932 *ἀνεβάλετο
567 2887 646 2921 coni
741 2890 778 2921 21
810 2883 923 2932 *μετ’
941 2888 988 2922 w
1082 2884 1287 2932 *αμιιιὶνου
1312 2888 1339 2922 Ρ
1366 2883 1514 2931 α’μανοῖ·
1538 2887 1567 2921 Γ
1662 2890 1703 2922 22
1730 2883 1836 2933 *ἐφἸ
1864 2885 1969 2933 πρὸσ

300 2942 463 2978 FLAOV
557 2946 597 2976 23
624 2939 828 2990 *ιῖμμάνησ
853 2944 880 2978 P
987 2947 1026 2979 24
1051 2943 1176 2989 μόνοσ
1203 2944 1234 2979 Ε
1344 2943 1408 2990 τὴν
1433 2943 1578 2990 ἐσθῆρα
1605 2946 1633 2979 O
1660 2947 1701 2990 τῆ
1727 2942 1860 2989 ἐσθῆρι
1886 2943 1966 2980 WE

2035 1429 2067 1516 ξὲ

2006 1533 2067 1759 {ss
