2107 3377
260 208 340 246 386
736 206 898 251 ANTIQ.
922 205 1019 242 IUD.
1045 206 1110 241 XV
1136 208 1316 242 299-304
1339 209 1398 249 (ΙΧ.
1415 208 1445 249 1)

146 325 230 366 299
374 323 448 365 IX.
483 325 519 364 1.
553 319 680 362 Κατὰ
710 321 866 362 τοῦτον
895 318 974 373 μὲν
995 309 1072 362 οὖν
1101 317 1179 362 τὸν
1201 318 1400 362 ἐνιαυτὸν
1430 318 1836 374 τρισκαιδέκατον’
1820 316 1928 363 όντα

261 391 338 445 τῆς
355 386 554 444 Ἡρώδου
582 388 816 442 βασιλείας
846 385 977 443 πάθη
1008 389 1195 442 μέγιστα
1223 385 1302 445 τὴν
1329 386 1474 442 χώραν
1495 384 1721 441 επέλαβεν,
1754 387 1843 430 είτε
1873 387 1926 446 δὴ

260 459 341 499 τοῦ
377 458 490 499 θεοῦ
519 458 787 543 μηνίσαντος
825 447 851 511 ἢ
880 455 954 497 καὶ
983 453 1095 496 κατὰ
1134 455 1372 511 περιόδους
1411 449 1551 504 οἷ’τως
1590 449 1928 512 ἀπαντήσαντος

148 528 230 570 300
261 525 342 567 τοῦ
372 526 528 566 κακοῦ·
561 524 741 578 πρῶτον
772 522 852 576 μὲν
881 520 964 577 γὰρ
995 517 1154 576 αυχμοὶ
1187 522 1397 580 διηνεκεῖς
1428 521 1638 577 ἐγένοντο,
1668 523 1739 564 καὶ
1773 520 1846 565 διὰ
1876 521 1925 566 τὸ

262 593 467 635 τοιοῦτον
499 586 699 643 ἄκαρπος
729 586 752 645 ἡ
776 591 831 647 γῆ
860 584 966 647 μηδ’
992 584 1076 632 ὅσα
1097 584 1195 632 κατ’
1223 586 1356 646 αι’-τὴν
1379 585 1740 644 ἀναβλαστάνειν,
1772 588 1930 633 ἔπειτα
1960 597 1975 606 “

263 660 336 702 καὶ
366 660 444 716 τῆς
475 657 648 714 διαίτης
676 655 786 699 κατὰ
826 656 906 714 τὴν
937 655 1107 700 ἔνδειαν
1137 659 1226 699 τῶν
1257 661 1412 701 σιτίων
1451 655 1824 715 ἐξαλλαττομένης
1854 655 1928 700 νό-

264 741 337 769 σοι
365 728 453 768 τῶν
484 724 701 780 σωμάτων
731 726 804 767 καὶ
836 722 991 773 πάθος
1019 719 1101 782 ἤδη
1135 723 1333 779 λοιμικὸν
1363 724 1554 780 ἐκράτει,
1588 724 1795 782 διηνεκῶς
1826 719 1929 767 άντ-

151 799 227 839 301
264 792 620 851 εφοδιαζομένων
661 788 812 843 αὐτοῖς
849 793 938 834 τῶν
975 794 1130 834 κακῶν.
1197 791 1246 835 τό
1276 809 1324 835 τε
1362 791 1444 849 γὰρ
1484 788 1751 849 ἠπορῆσθαι
1789 794 1930 846 θερα-

262 865 396 911 πείας
426 862 498 903 καὶ
531 862 700 917 τροφῆς
732 859 954 903 ἐπέτεινεν
986 858 1048 910 εἷς
1080 861 1215 902 πλέον
1245 855 1489 917 ἀρξαμένην
1521 859 1706 916 ἰσχυρῶς
1727 858 1805 917 τὴν
1835 860 1931 902 λοι-

261 929 385 986 μώδη
427 927 557 972 νόσον
602 927 627 985 ἶ]
656 944 704 970 τε
743 926 899 986 φθορὰ
938 930 1027 970 τῶν
1066 927 1204 978 οῖ’-τως
1246 923 1562 981 ἀπολλυμένων
1603 922 1818 984 ἀφῃρεῖτο
1856 928 1930 971 καὶ

259 995 364 1047 τοὺς
393 995 632 1050 περιόντας
664 991 905 1050 εὐθυμίας,
947 994 1046 1038 ἐπεὶ
1079 1004 1348 1051 προσαρκεῖν
1378 1004 1477 1046 ταῖς
1510 991 1723 1050 ἀπορίαις
1754 993 1802 1045 ἐξ
1831 993 1932 1039 ἐπι-

151 1069 232 1109 302
262 1067 441 1121 μελείας
473 1061 582 1121 [οὐκ]
616 1062 836 1106 ἐδύναντο.
897 1066 1165 1120 φθαρέντων
1203 1079 1251 1118 γε
1281 1061 1366 1118 μὴν
1395 1064 1483 1105 τῶν
1514 1057 1589 1104 ἐπ’
1624 1061 1721 1113 ἔτος
1749 1064 1932 1119 καρπῶν

260 1135 334 1177 καὶ
364 1134 452 1174 τῶν
482 1126 583 1175 ὅσοι
613 1130 830 1186 πρότερον
852 1126 1084 1206 άπέκεξντο
1115 1129 1498 1186 δεδαπανημένων,
1532 1125 1657 1172 οὗδὲν
1678 1128 1741 1180 εἷς
1772 1128 1934 1173 ἐλπίδα

257 1199 450 1258 χρηστὴν
487 1196 754 1241 ὑπελείπετο
788 1198 960 1279 μᾶλλον
990 1190 1018 1253 ἢ
1058 1214 1166 1240 κατα
1207 1197 1480 1250 προσδοκίαν
1518 1195 1817 1247 επιτείνοντος
1853 1198 1933 1240 τοῦ

260 1270 393 1329 κακοῦ
423 1268 493 1310 καὶ
528 1262 629 1309 ουδὲ
659 1283 740 1308 κατ
783 1264 945 1308 ἐκεῖνον
975 1263 1053 1308 τὸν
1084 1263 1285 1308 ἐνιαυτὸν
1313 1264 1461 1320 μόνον,
1494 1259 1602 1307 ὥστ’
1640 1259 1788 1315 αυτοῖς
1819 1261 1936 1308 εἶναι
1984 1272 1999 1280 “

261 1336 340 1391 μὲν
373 1330 498 1378 ουδὲν
528 1332 793 1385 ὑπόλοιπον,
827 1328 1111 1376 ἀπολωλέναι
1142 1333 1189 1376 δὲ
1219 1333 1293 1375 καὶ
1323 1335 1410 1375 τῶν
1442 1331 1686 1388 περιόντων
1711 1330 1766 1374 τὰ
1796 1335 1935 1389 σπέρ-

150 1407 232 1449 303
263 1421 382 1458 ματα
418 1402 529 1460 μηδὲ
560 1400 608 1445 τὸ
643 1397 845 1457 δεύτερον
877 1396 1054 1458 ἀνείσης
1089 1403 1166 1458 τῆς
1202 1403 1294 1458 γῆς.
1352 1395 1379 1458 η’
1408 1416 1456 1443 τε
1486 1395 1648 1457 ἀνάγκη
1680 1399 1827 1444 πολλὰ
1859 1398 1934 1443 διὰ

261 1470 342 1522 τὰς
368 1473 519 1526 χρείας
552 1468 833 1524 ἐκαινούργει.
883 1470 956 1511 καὶ
986 1468 1068 1519 τὰς
1105 1465 1298 1525 ἀπορίας
1337 1464 1412 1512 οὔκ
1443 1467 1649 1519 ἐλάττους
1689 1465 1804 1512 εἶναι
1833 1482 1935 1511 συν*

263 1542 434 1595 έραινεν
468 1533 586 1593 αυτῶ
616 1539 680 1593 τῶ
708 1537 905 1591 βασιλεῖ,
941 1538 1030 1579 τῶν
1059 1553 1106 1579 τε
1137 1536 1308 1594 φόρων,
1349 1552 1423 1587 ους
1462 1535 1704 1590 ελάμβανεν
1736 1531 1826 1579 άπὸ
1858 1536 1936 1593 τῆς

261 1623 359 1686 γης,
392 1601 662 1663 ἀφῃρημένα)
691 1605 764 1647 καὶ
796 1622 851 1647 τα
880 1604 1082 1683 χρήματα
1104 1603 1430 1663 δεδαπανηκότι
1453 1603 1567 1659 πρὸς
1594 1604 1854 1661 φιλοτιμίαν
1875 1598 1936 1646 ῶν

151 1677 230 1717 304
260 1674 341 1726 τὰς
371 1674 527 1724 πόλεις
559 1671 855 1724 ἕπεσκεύαζει.
904 1671 953 1729 ἦν
975 1673 1022 1716 δὲ
1045 1667 1209 1716 οὐδὲν
1194 1668 1218 1715 ό
1238 1689 1282 1715 τι
1302 1672 1373 1714 καὶ
1402 1675 1620 1729 βοηθείας
1649 1668 1773 1722 αξιον
1795 1669 1937 1715 ἐδόκει

263 1740 675 1799 προκατειληφότος
705 1742 783 1784 τοῦ
811 1743 944 1783 κακοῦ
974 1742 1047 1784 καὶ
1077 1749 1208 1796 μῖσος
1239 1739 1302 1791 εἷς
1333 1735 1466 1783 αυτὸν
1489 1738 1532 1782 ἐκ
1553 1742 1640 1782 τῶν
1662 1735 1934 1796 ἀρχομένων·

262 1810 311 1854 τὸ
344 1809 427 1867 γὰρ
459 1805 535 1852 οἰκ
565 1800 611 1852 εὖ
642 1808 856 1865 πράττειν
887 1809 1116 1865 φιλαίτιον
1149 1808 1237 1852 αἰεὶ
1268 1806 1377 1850 κατὰ
1408 1809 1496 1850 τῶν
1526 1807 1876 1865 προεστηκότων.

377 1932 743 1969 PFLAMVWELat
754 1932 914 1967 Zonaras
932 1933 947 1967 I
972 1943 1006 1977 p.
1023 1934 1098 1966 432.

381 1996 394 2026 1
422 1992 445 2027 i.
471 2000 580 2034 marg.
607 1987 649 2026 ιε’
675 1989 705 2023 L
731 1987 794 2023 XI
812 1988 882 2023 Lat
997 1986 1074 2034 *ιγ’
1098 1988 1131 2023 V
1246 1984 1368 2023 *ὄντα
1397 1998 1464 2021 om.
1483 1986 1514 2020 V
1633 1990 1652 2020 2
1676 1983 1751 2023 *τὰ
1777 1986 1936 2033 μέγιστα

263 2048 417 2083 LAMW
533 2044 754 2089 *ἀπέλαβεν
777 2045 805 2080 P
921 2041 976 2090 δὴ]
1000 2045 1022 2080 i.
1047 2054 1119 2079 ηε.
1145 2043 1185 2078 Μ
1209 2043 1247 2080 δὲ
1271 2043 1397 2085 LAW,
1430 2053 1498 2078 om.
1526 2042 1559 2077 E
1600 2074 1603 2077 ,
1675 2045 1694 2077 3
1720 2045 1818 2079 *τοῦ
1841 2046 1938 2080 θεοῦ

263 2106 527 2170 μηνίσαντος]
531 2099 644 2140 tou-50
662 2100 895 2147 ὑμνισαντοσ
920 2101 948 2136 Ρ
1033 2097 1302 2147 *μηνύσαντοσ
1325 2099 1354 2134 F
1448 2100 1540 2135 *καὶ
1564 2109 1632 2134 om.
1651 2098 1698 2133 W
1787 2093 1937 2136 *ἄπαν-

265 2159 456 2208 τήσαντοσ
490 2173 616 2197 ουτωσ
647 2164 693 2194 tr.
718 2157 872 2193 LAMW
1012 2160 1032 2191 4
1056 2159 1244 2203 *πρῶτον
1269 2176 1311 2181 -
1337 2159 1355 2190 5
1382 2151 1698 2202 ἀναβλαστάνειν]
1731 2156 1765 2190 se·
1794 2154 1938 2200 quidem

260 2219 369 2265 prius
404 2218 488 2263 θείη
520 2225 698 2264 percussa
733 2221 831 2249 terra
861 2213 1010 2259 fructus
1040 2214 1141 2248 nulla
1175 2219 1278 2248 tenus
1308 2212 1491 2257 inferebat
1527 2211 1598 2246 Lat
1734 2210 1937 2259 *ἐγίνοντο

263 2275 328 2309 FV
414 2271 458 2310 τὸ
478 2275 668 2315 τοιοῦτον]
694 2284 808 2308 τουτο
827 2271 860 2306 Ε
952 2275 971 2305 5
996 2266 1090 2316 μηθ’
1108 2269 1205 2304 FLV
1229 2269 1320 2315 μηδε
1344 2268 1375 2303 Ε
1461 2261 1576 2310 *όσα]
1603 2261 1718 2311 όσους
1741 2267 1796 2303 ed.
1814 2279 1868 2313 pr.

264 2327 354 2368 κατ’
380 2327 507 2376 αὐτην]
541 2332 605 2366 καὶ
628 2324 724 2365 καθ’
750 2341 866 2373 αυτην
889 2327 995 2363 LAM
1026 2323 1122 2363 καθ’
1149 2339 1264 2371 αυτην
1291 2325 1332 2359 W
1359 2320 1455 2361 καθ’
1481 2321 1616 2370 εαυτὴν
1639 2324 1673 2359 Ε
1771 2319 1938 2371 αναβλα-

265 2385 428 2429 στάνειν]
454 2386 592 2423 εἴωθεν
610 2381 915 2431 ἀναβλαστάνειν
931 2383 1101 2429 φέρουσα
1126 2381 1352 2427 (ἐκφέρουσα
1371 2381 1417 2419 Ε)
1440 2380 1630 2415 LAMWE
1654 2376 1939 2428 α’νεβλάστανεν

266 2445 364 2488 coni3
398 2447 504 2479 antea
534 2442 670 2487 aliquid
701 2440 832 2476 excidit
957 2443 976 2474 6
1010 2438 1337 2484 *ἐξαλαττομένησ
1366 2437 1425 2472 PF
1458 2435 1777 2483 ἐξελλαττομένησ
1802 2437 1846 2471 W

266 2503 285 2535 S
310 2496 540 2546 ήπορεῐσθαι
565 2499 595 2533 L
689 2501 708 2534 9
734 2494 947 2544 ἀρξαμένησ
973 2496 1001 2530 F
1094 2492 1280 2571 λοιὲιιιῶδην
1305 2494 1334 2529 F
1433 2497 1468 2528 10
1496 2487 1629 2535 οὕτως]
1657 2491 1783 2530 ὅντωσ
1801 2493 1848 2527 W

267 2583 304 2615 11
326 2584 563 2626 προσαρκεῖν
579 2598 621 2604 -
644 2581 682 2613 12
699 2576 878 2614 ἐδύναντο
897 2586 964 2611 om.
983 2575 1012 2609 L
1016 2578 1054 2610 at
1135 2573 1335 2621 εὐπορίαισ
1358 2581 1413 2611 (ευ
1429 2575 1662 2616 expunctum)
1686 2571 1717 2606 L
1806 2573 1842 2606 12
1868 2567 1938 2608 οὐκ

266 2647 335 2673 om.
360 2636 388 2670 P
491 2632 682 2676 ἐδύναντο]
707 2630 891 2680 ἠδύναντο
917 2631 1072 2667 LAMW
1097 2646 1142 2678 ην
1164 2632 1196 2667 V
1292 2627 1431 2666 *ἔτουσ
1455 2628 1487 2663 V
1594 2631 1634 2663 13
1661 2626 1878 2664 *ἐπέκειντο
1904 2627 1937 2663 V

382 2695 421 2727 14
444 2688 613 2738 χρηστὸν
636 2691 744 2726 MVE
871 2686 905 2734 ἡ]
938 2684 996 2726 άεὶ
1022 2688 1054 2723 Ε
1183 2691 1222 2722 15
1248 2684 1304 2723 ὡσ
1329 2685 1421 2720 PFV
1453 2679 1551 2720 ὥστε
1576 2683 1607 2718 Ε
1735 2680 1820 2719 *ὡσ
1852 2680 1939 2720 ταύ-

267 2763 335 2795 τησ
360 2750 405 2782 W
526 2752 564 2783 16
589 2751 699 2783 *ante
722 2748 791 2792 μὲν
822 2757 893 2782 ras.
920 2749 939 2781 2
964 2746 1031 2781 litt.
1056 2745 1087 2780 L
1203 2744 1304 2785 *καὶ]
1337 2737 1411 2778 κάκ
1441 2740 1594 2776 LAMW
1712 2744 1749 2775 17
1775 2740 1866 2787 μηδὲ
1890 2736 1937 2777 τὸ

267 2803 454 2852 δεύτερον]
487 2808 693 2852 μηδετερον
717 2803 846 2839 PFVE
953 2801 1123 2848 α’νιείσησ
1149 2801 1180 2836 Ε
1301 2802 1337 2833 18
1363 2793 1570 2844 *α’πωριάσ
1595 2796 1626 2830 L
1740 2800 1777 2830 19
1806 2792 1938 2844 *αὐτῷ

268 2883 308 2887 -
334 2859 549 2908 ἐλάμβανεν
573 2871 643 2895 om.
670 2861 715 2893 W
827 2862 868 2893 20
893 2854 1173 2905 *ἀφῃρημένων
1203 2854 1356 2891 LAMW
1387 2854 1469 2889 fort.
1497 2857 1594 2888 recte
1709 2853 1765 2889 εἰσ
1798 2855 1938 2899 φιλοτι-

266 2919 360 2962 uicta
385 2918 416 2953 Ε
522 2921 561 2953 21
589 2918 638 2959 δὲ]
666 2930 705 2953 τε
731 2915 910 2951 FLVWE
1016 2929 1049 2951 τι
1074 2925 1143 2950 om.
1171 2913 1201 2948 Ε
1303 2914 1344 2946 23
1369 2906 1427 2947 αἐὶ
1452 2909 1706 2944 FLAMVWE
1811 2912 1935 2947 *κατα

268 2976 356 3016 τῶν]
383 2976 458 3009 τῶν
484 2971 527 3010 οὐ
552 2975 583 3009 V
675 2969 944 3019 ἐφεστηκότων
969 2972 1000 3007 Ε
