2029 3392
565 212 724 256 ANTIQ.
754 212 848 247 mn.
877 212 925 247 xx
956 216 1124 249 116—121
1155 218 1356 257 (1v.÷›.v.1)
1736 218 1785 255 27

130 343 273 384 σαρες.
333 323 393 376 ὦς
423 326 469 368 δὲ
489 324 543 367 τὰ
567 324 810 383 ἐγκλήματα
842 328 911 369 καὶ
944 326 1024 376 τὰς
1046 327 1204 378 αἰτίας,
1238 328 1288 377 ἃς
1310 327 1419 370 κατὰ
1444 331 1529 370 τῶν
1551 332 1789 384 Σαμαρέων

128 395 358 453 ἐπέφερον,
391 392 499 448 ἔγνω
531 392 654 447 παρὰ
684 395 773 435 τῶν
806 396 1034 447 πρέσβεων
1065 392 1086 436 ὁ
1119 395 1338 448 βασιλεύς,
1371 394 1474 445 δοὺς
1496 393 1646 446 αὐτοῖς
1666 403 1789 451 κομί-

128 463 215 515 ζειν
246 460 483 517 ἐπιστολὴν
515 459 628 515 πρὸς
658 459 760 510 τοῦς
791 459 1010 524 ἐπάρχους
1038 465 1115 519 τῆς
1138 467 1390 517 Σαμαρείας
1420 466 1491 506 καὶ
1524 463 1601 518 τήν
1631 465 1791 522 ρὀυλην

127 526 411 583 ἀπέπεμψεν.
471 526 524 569 τὰ
558 527 604 570 δὲ
634 531 910 583 γεγραμμένα
940 528 992 586 ην
1023 526 1195 572 τοιάδε·
1230 530 1463 584 ,βασιλεῦς
1490 536 1680 585 Δαρεῖος
1707 538 1792 574 Τα-

79 610 98 640 5
126 598 239 654 γανᾷ
270 597 340 639 καὶ
363 598 522 653 Σαμβᾷ
552 605 646 646 τοῖς
678 594 889 651 ἐπάρχοις
919 599 989 638 καὶ
1014 601 1300 652 Σαμαρειτῶν
1322 599 1523 655 Σαδράκῃ
1556 601 1625 641 καὶ
1651 597 1791 657 Βουή-

58 947 94 981 10

58 1285 94 1319 15

54 1625 91 1659 20

126 665 232 707 δωνι
262 665 332 706 καὶ
364 672 459 714 τοῖς
492 664 667 714 λοιποῖς
697 663 955 714 συνδούλοις
986 661 1128 708 αῦτιῦν
1158 675 1252 715 τοῖς
1286 666 1329 708 ἐν
1352 671 1592 722 Σαμαρείᾳ.
1653 672 1793 722 Ζορο-

122 731 318 790 βάβηλος
337 733 411 774 καὶ
428 727 638 782 Ἀνανίας
658 733 731 774 καὶ
755 732 1046 788 Μαρδοχαῖος
1064 729 1286 775 Ἰουδαίων
1314 737 1581 789 πρεσβευταὶ
1604 730 1792 791 ᾐτιῶντο

123 797 239 855 ὑμᾶς
269 796 330 850 ὠς
361 798 644 853 ἐνοχλοῦντας
677 795 827 850 αὐτοῖς
860 799 972 853 πρὸς
1001 800 1080 856 τὴν
1112 800 1369 855 οἰκοδομίαν
1400 804 1476 843 τοῦ
1510 804 1614 844 ναοῦ
1639 805 1709 845 καὶ
1731 802 1789 860 μί]

120 869 414 925 χορηγοῦντας
447 867 473 909 ἃ
505 867 759 923 προσέταξα
797 865 900 922 ὑμῖν
932 867 995 918 εἰς
1025 867 1105 918 τὰς
1137 872 1301 919 θυσίας
1330 871 1470 913 τελεῖν
1503 866 1653 920 αὐτοῖς
1685 866 1791 912 ἀνα-

124 934 320 990 λώματα.
378 935 598 990 βούλομαι
637 926 712 978 οῦν
752 932 866 989 ’ὑμᾶς
906 931 1175 992 ἀναγνόντας
1211 935 1289 994 τὴν
1321 936 1560 993 ἐπιστολὴν
1592 947 1792 995 χορηγεῖν

124 999 274 1053 αὐτοῖς
305 1002 350 1046 ἐκ
380 1005 457 1046 τοῦ
487 1005 720 1058 βασιλικοῦ
751 1003 1098 1061 γαζοφυλακείου
1129 1006 1216 1046 τῶν
1253 1005 1405 1062 φόρων
1434 1007 1511 1062 τῆς
1543 1009 1794 1060 Σαμαρείας

123 1067 269 1114 πάνθ’
305 1066 390 1114 ὅσα
428 1070 543 1128 πρὸς
581 1075 747 1122 θυσίας
788 1071 907 1115 ἐστὶν
947 1068 1096 1123 αὐτοῖς
1133 1072 1348 1130 χρήσιμα,
1388 1072 1542 1123 καθώς
1581 1073 1623 1116 οἱ
1664 1074 1794 1130 ἱερεῖς

124 1135 345 1191 ἀξιοῦσιν,
391 1139 466 1182 ἵνα
509 1137 567 1195 μὴ
616 1139 909 1183 διαλείπωσιν
954 1136 1062 1182 καθ’
1101 1137 1263 1198 ἡμέραν
1308 1140 1497 1191 θύοντες
1541 1137 1645 1198 μηδ’
1683 1138 1793 1196 ὑπὲρ

122 1205 229 1262 ἐμοῦ
259 1209 332 1250 καὶ
363 1209 550 1262 Περσῶν
582 1202 807 1262 εὐχόμενοι
837 1210 901 1264 τῷ
932 1211 1071 1264 θεῴ.“
1130 1211 1202 1252 καὶ
1242 1205 1265 1264 ἡ
1298 1209 1378 1262 μὲν
1410 1207 1622 1266 ἐπιστολὴ
1655 1211 1793 1252 ταῦτα

123 1283 356 1332 περιεῖχεν.

235 1345 284 1387 V.
321 1348 355 1386 1.
395 1346 590 1398 Δαρείου
631 1343 678 1385 δὲ
716 1343 1055 1401 τελευτήσαντος
1095 1342 1367 1398 παραλαβών
1397 1343 1475 1400 τὴν
1505 1345 1737 1398 βασιλείαν
1768 1342 1790 1388 ὁ

122 1420 233 1462 παῖς
272 1407 405 1454 αὐτοῦ
435 1410 602 1468 Ξέρξης
643 1410 988 1468 ἐκληρονόμησεν
1029 1406 1162 1453 αὐτοῦ
1200 1413 1273 1454 καὶ
1312 1411 1390 1469 τὴν
1422 1411 1536 1467 πρὸς
1575 1411 1651 1454 τὸν
1684 1411 1793 1455 θεὸν

123 1474 350 1534 εὐσέβειάν
379 1495 426 1522 τε
457 1480 527 1522 καὶ
558 1478 712 1535 τιμήν·
743 1474 924 1521 ἅπαντα
953 1478 1035 1535 γὰρ
1067 1475 1328 1530 ἀκολούθως
1358 1482 1421 1535 τῷ
1443 1482 1582 1536 πατρὶ
1602 1479 1657 1522 τὰ
1679 1479 1794 1536 πρὸς

121 1546 200 1605 τὴν
230 1550 472 1604 θρησκείαν
505 1545 714 1603 ἐποίησεν
744 1549 815 1590 καὶ
848 1547 962 1603 πρὸς
1001 1546 1103 1597 τοὺς
1129 1543 1367 1598 Ἰουδαίους
1405 1547 1526 1601 ἔσχεν
1557 1547 1793 1604 φιλοτιμό-

120 1632 248 1658 τατα.
307 1610 404 1657 κατ’
440 1614 603 1658 ἐκεῖνον
641 1614 689 1657 δὲ
726 1613 805 1657 τὸν
842 1613 995 1670 καιρὸν
1027 1610 1249 1670 ἀρχιερεὺς
1287 1606 1340 1672 ἦν
1366 1611 1506 1672 Ἰησοῦ
1536 1624 1645 1666 παῖς
1671 1611 1792 1659 Ἰωά-

125 1698 279 1738 κειμος
308 1678 462 1737 ὄνομα.
522 1679 714 1739 ὑπῆρχεν
746 1682 793 1725 δὲ
813 1683 886 1725 καὶ
910 1681 953 1725 ἐν
975 1683 1209 1736 Βαβυλῶνι
1240 1682 1410 1733 δίκαιος
1442 1679 1548 1738 ἀνὴρ
1570 1685 1641 1725 καὶ
1665 1682 1793 1740 δόξης

124 1746 364 1794 ἀπολαύων
395 1746 571 1807 ἀγαθῆς
601 1748 726 1806 παρὰ
756 1752 819 1805 τῷ
852 1749 1022 1806 πλήθει
1043 1752 1221 1806 πρῶτος
1245 1749 1384 1805 ἱερεὺς
1404 1752 1483 1793 τοῦ
1503 1753 1615 1793 θεοῦ
1636 1751 1792 1793 καλού-

235 1887 256 1931 ξ
283 1889 347 1921 119
372 1904 417 1916 =
442 1886 486 1921 cf.
509 1889 539 1921 1.
557 1885 653 1920 Esra
677 1885 727 1920 VI
752 1888 814 1928 283
840 1886 861 1929 ᾗ
890 1888 949 1920 121
980 1902 1023 1914 =
1053 1890 1081 1921 1.
1100 1886 1196 1921 Esra
1213 1886 1301 1922 VIII
1328 1890 1356 1930 1,
1383 1886 1429 1922 cf.
1449 1889 1480 1921 2.
1500 1887 1593 1922 Esra
1619 1886 1686 1921 VII
1706 1890 1735 1921 1.

235 1999 479 2035 PFLAVWE
490 1999 561 2034 Lat
573 1999 734 2034 Zonaras
758 1998 776 2032 1
800 2009 836 2043 p.
861 2000 939 2034 316.

243 2061 255 2092 1
283 2056 407 2099 αἰτίας
431 2066 500 2092 om.
526 2055 558 2090 V
665 2055 734 2090 litt.
760 2050 839 2091 *ἆσ
861 2052 959 2092 κατὰ
987 2058 1064 2091 τῶν
1089 2068 1190 2100 σαμα
1215 2057 1239 2090 i.
1257 2066 1328 2090 ras.
1348 2066 1393 2091 m.
1413 2058 1432 2090 2
1457 2056 1485 2090 P
1586 2053 1659 2098 *ἅς
1681 2054 1793 2098 κατὰ]

123 2111 290 2152 ἕκαστοσ
311 2113 343 2148 F
435 2113 706 2159 *σαμαρειτῶν
721 2111 755 2145 Α
826 2114 845 2146 2
871 2109 1101 2158 *ἐπέφερον,
1124 2111 1193 2149 ἕπε’
1208 2112 1232 2148 i.
1250 2122 1322 2147 ras.
1339 2123 1385 2147 m.
1405 2115 1424 2146 2
1442 2112 1470 2146 Ρ
1495 2109 1545 2149 ἅσ
1562 2109 1703 2159 ἔφερον
1718 2112 1748 2147 F

125 2170 364 2218 *πρέσβεων,
390 2182 464 2206 εων
487 2168 511 2204 i.
530 2179 601 2204 ras.
619 2179 666 2204 m.
685 2170 704 2202 2
730 2168 758 2203 Ρ
872 2170 1055 2214 κομίζειν,
1081 2182 1129 2214 ομ
1154 2169 1177 2204 i.
1195 2178 1267 2204 ras.
1284 2179 1331 2203 m.
1352 2171 1370 2203 2
1396 2168 1425 2202 L
1543 2172 1562 2203 3
1587 2167 1794 2206 ε’πιστολὰσ

124 2227 157 2263 Ε
281 2223 486 2273 ἐπιστολὴν
508 2226 680 2270 κομίζειν
704 2228 749 2260 tr.
767 2225 800 2260 V
937 2223 1140 2273 ἐπάρχους]
1165 2225 1316 2260 Hudson
1341 2222 1541 2271 Ξππᾰρχασ
1563 2222 1796 2272 (ἱππάρχουσ

123 2283 268 2326 LZon.)
294 2283 398 2319 codd.
423 2282 536 2317 ELat
651 2285 671 2317 4
699 2284 867 2330 Ταγανᾷ]
893 2279 989 2319 τοίνα
1014 2282 1061 2317 W
1086 2287 1270 2328 tanqanae
1294 2281 1364 2316 Lat
1479 2286 1497 2317 5
1524 2284 1677 2331 Σαμβᾷ]
1703 2294 1795 2327 σαμ-

123 2337 230 2388 βοὶβα
263 2336 382 2387 (βάβα
408 2339 526 2384 suppl.
551 2349 597 2373 m.
626 2340 663 2380 2,
695 2341 722 2385 β
745 2338 845 2383 prius
868 2338 893 2373 i.
910 2349 982 2374 ras.
1006 2338 1048 2381 Ρ)
1074 2338 1151 2373 PW
1184 2341 1314 2386 σαββᾶ
1338 2338 1368 2372 F
1394 2341 1523 2386 σαβαᾶ
1548 2337 1611 2371 LA
1636 2342 1739 2384 σαβα
1765 2337 1794 2372 V

124 2419 309 2455 sambalae
331 2418 402 2454 Lat
531 2414 726 2465 ἐπάρχοις]
750 2416 902 2453 Hudson
927 2414 1140 2464 ὶππιέρχαισ
1163 2415 1388 2465 (ἱππάρχοισ
1411 2418 1440 2452 L
1467 2412 1589 2464 ἱππαρ
1614 2418 1657 2459 V)
1689 2417 1793 2453 codd.

125 2475 240 2512 ELat
339 2472 533 2522 σαδαράκη
556 2473 587 2508 F
704 2471 907 2520 Βουήδωνι]
931 2468 1121 2522 βουήλωνι
1145 2473 1175 2507 F
1199 2472 1409 2521 βουτήλωνι
1433 2474 1546 2508 LAW
1570 2471 1736 2521 βοήλωνι
1760 2474 1793 2509 V

125 2530 319 2580 βοβήλωνι
344 2532 399 2568 ed.
418 2542 470 2577 pr.
496 2530 620 2566 uelom'
641 2529 712 2565 Lat
819 2533 838 2565 6
864 2528 1164 2578 *ζοροβοὶβελοσ
1187 2530 1251 2565 FV
1362 2534 1402 2565 10
1426 2526 1670 2577 α’ναγνόντασ
1692 2526 1794 2575 ὓμᾶσ

125 2593 171 2626 tr.
195 2588 344 2625 FAWE
475 2589 686 2635 *χορηγοῖν
709 2586 742 2622 V
860 2590 896 2622 11
924 2589 1208 2634 γαζοφυλακίου
1231 2586 1461 2622 PAVWZon
1485 2589 1522 2621 et
1545 2597 1588 2622 ex
1613 2597 1705 2622 corr.
1731 2586 1793 2621 FL

127 2647 392 2694 ζευγηλατείου
423 2644 456 2680 Ε
586 2644 692 2680 *τῶν
714 2640 862 2690 φόρων]
895 2641 966 2679 τὸν
989 2642 1116 2691 φόρον
1139 2643 1169 2677 F
1203 2649 1237 2678 et
1263 2643 1404 2678 tributis
1427 2643 1498 2677 Lat
1633 2640 1794 2690 *φόρων

128 2705 206 2739 τῶν
229 2703 448 2749 σαμαρείασ
473 2704 542 2744 (ῶν
566 2713 589 2737 σ
612 2701 636 2736 i.
654 2710 725 2735 ras.
744 2711 790 2735 m.
809 2703 828 2734 2
846 2700 888 2741 P)
911 2700 990 2735 PW
1123 2703 1162 2735 12
1187 2693 1291 2736 *ὅσα
1317 2696 1420 2745 πρὸσ
1443 2700 1465 2734 i.
1484 2709 1555 2734 ras.
1573 2709 1618 2734 m.
1637 2701 1657 2733 2
1681 2698 1710 2733 Ρ

128 2759 275 2802 θυσίας]
300 2756 374 2796 τάσ
398 2760 536 2795 θυσίασ
560 2757 742 2792 FLVWE
858 2752 992 2794 αὐτοῖσ
1015 2755 1094 2792 ἐστι
1117 2761 1161 2791 tr.
1180 2754 1359 2790 FLAWE
1473 2753 1576 2791 ἐστὶν
1600 2765 1668 2790 om.
1686 2755 1718 2789 V

133 2817 172 2851 13
197 2816 427 2852 *διαλίπωσι
450 2814 514 2850 LV
539 2816 574 2849 et
598 2824 641 2849 ex
666 2824 758 2849 corr.
783 2814 817 2848 A
928 2817 1001 2860 μηδ
1008 2809 1030 2855 ']
1055 2810 1105 2860 μὴ
1130 2813 1168 2850 δὲ
1192 2812 1303 2847 FLW
1328 2815 1392 2848 καὶ
1415 2811 1481 2846 VE
1578 2814 1618 2847 16
1642 2811 1664 2845 i.
1683 2821 1793 2855 marg.

129 2869 166 2908 ε’
189 2870 220 2906 L
252 2871 284 2906 V
306 2872 377 2907 Lat
471 2873 511 2904 17
537 2865 685 2907 *αὐτοῦ
708 2876 803 2906 παῖσ
829 2866 849 2906 ὃ
876 2874 921 2905 tr.
947 2871 980 2906 V
1087 2866 1157 2906 τὸν
1181 2880 1250 2904 om.
1276 2869 1490 2903 FLAVWE
1590 2870 1631 2903 18
1657 2881 1697 2904 τε
1723 2878 1792 2903 om.

130 2926 176 2962 W
267 2924 387 2974 τιμήν]
412 2924 481 2974 τὴν
499 2923 609 2973 τιμήν
624 2926 655 2961 F
730 2929 768 2961 19
793 2928 1039 2973 *θρησκείαν1
1064 2927 1204 2962 θυσίαν
1228 2925 1255 2959 Ρ
1327 2928 1368 2960 20
1396 2921 1611 2969 *ἰωάκιμοσ
1628 2923 1688 2958 PL
1705 2921 1793 2960 ἶωά-

131 2996 277 3029 κειμοσ,
307 2997 338 3020 ει
363 2993 407 3019 ex
432 2994 522 3020 corr.
548 2984 581 3018 A
604 2981 759 3018 ioacleim
782 2983 855 3018 Lat
947 2985 989 3018 22
1014 2985 1122 3025 θεοῦ]
1147 2985 1240 3019 λαοῦ
1265 2980 1478 3016 FLAVWE
1496 2980 1634 3028 populi
1656 2980 1726 3016 Lat

1827 338 1900 374 117

1829 539 1901 576 lis

1827 945 1904 983 119

1829 1349 1905 1388 12«)

1827 1621 1899 1660 121
