2029 3392
525 233 684 277 ANTIQ.
711 232 806 268 IUD.
832 233 918 268 XIII
945 236 1122 268 395—398
1147 237 1330 277 (xxxa-t»)
1672 235 1751 272 225

97 347 249 390 τόπων
282 346 457 401 ἄρχοντι
488 345 744 400 περιέδυσεν
777 340 920 396 αὐτόν,
952 349 1021 390 καὶ
1045 351 1194 402 τρίτον
1227 343 1303 404 ἤδη
1327 344 1629 403 πεπληρωκὼς
1660 347 1755 397 ἔτος

98 418 175 473 τῆς
205 419 438 469 στρατείας
476 413 539 464 εἷς
575 412 654 470 τὴν
693 412 857 455 οἰκείαν
895 410 1172 469 ὑπέστρεψεν
1211 414 1460 469 προθύμως
1499 408 1631 457 αὗτὸν
1669 417 1755 456 τιῦν

95 480 316 526 Ἰουδαίων
347 480 421 525 διὰ
451 480 529 538 τὴν
559 477 802 536 εὐπραγίαν
833 479 1088 534 δεχομένων.

213 556 250 593 4.
284 548 410 592 Κατὰ
442 547 493 606 δὴ
524 549 680 590 τοῦτον
710 546 787 589 τὸν
817 546 970 601 καιρὸν
1003 545 1081 606 ἤδη
1113 551 1200 592 τιῦν
1221 549 1372 603 ,Σύρων
1403 550 1474 592 καὶ
1502 543 1755 602 Ἰδουμαίων
1788 554 1867 593 395

49 629 66 655 5
97 620 168 661 καὶ
204 621 423 660 Φοινίκιον
454 614 609 664 πόλεις
644 612 759 668 εἶχον
800 615 841 657 οἱ
869 610 1073 658 Ἰουδαῖοι
1114 616 1228 671 πρὸς
1258 617 1465 673 θαλάσσῃ
1505 616 1584 670 μὲν
1615 616 1756 671 Στρά-

99 702 237 736 τωνος
272 684 438 739 πύργον
468 678 774 725 Ἀπολλωνίαν
799 678 985 740 Ἰόππην
1011 678 1225 737 Ἰάμνειαν
1255 681 1444 736 Ἄζωτον
1487 683 1630 735 Γάζαν
1660 679 1757 727 Ἀν-

99 753 272 810 θηδόνα
297 748 502 808 Ῥάφειαν
527 747 847 805 Ῥινοκόρουρα,
888 750 931 793 ἐν
964 751 1009 794 δὲ
1041 753 1093 807 τῇ
1123 756 1340 809 μεσογαίᾳ
1379 751 1489 794 κατὰ
1519 751 1598 809 τὴν
1626 748 1757 795 Ἰδου-
1791 757 1868 794 :59⁴0

99 825 236 875 μαίαν
259 816 433 872 Ἄδωρα
458 819 529 860 καὶ
548 817 763 874 ,Μάρισαν
788 820 861 862 καὶ
885 818 991 875 ὅλην
1011 814 1272 873 Ἰδουμαίαν,
1299 820 1551 874 Σαμάρειαν
1576 820 1758 878 Καρμή-

101 890 194 932 λιον
214 884 316 941 ὅρος
346 888 416 929 καὶ
448 884 497 928 τὸ
516 882 756 941 Ἰταβύριον
778 882 882 942 ὄρος
901 886 1187 930 Σκυθόπολιν
1210 886 1405 942 Γάδαρα,
1439 888 1760 938 Γαυλανίτιδας

35 966 68 995 w
97 953 350 998 Σελεύκειαν
387 952 590 1007 Γάβαλα,
633 954 932 1009 ,Μωαβίτιδας
965 950 1160 1009 Ἠσεβὼν
1202 953 1400 1011 ,Μήδαβα
1430 954 1595 1010 Λεμβὰ
1634 958 1759 1010 Ορω-
1791 959 1871 997 397

101 1023 436 1078 ναιμαγελεθων
467 1020 620 1077 Ζόαρα
650 1023 844 1064 Κιλίκων
877 1017 1052 1065 αὖλιῦνα
1073 1022 1263 1074 Πέλλαν,
1295 1021 1457 1079 ταύτην
1487 1026 1762 1078 κατέσκαψεν

100 1087 413 1144 ὑποσχομένων
443 1091 531 1131 τιῦν
562 1087 844 1132 ἐνοικούντων
877 1088 920 1140 ἐς
949 1089 1119 1146 πάτρια
1149 1093 1237 1133 τῶν
1258 1085 1482 1133 Ἰουδαίων
1513 1089 1597 1147 ἔθη·
1629 1107 1763 1145 μεταἢ

99 1158 364 1213 βαλεῖσθαι,
398 1153 534 1208 ἄλλας
571 1173 619 1200 τε
650 1156 806 1208 πόλεις
844 1157 1157 1213 πρωτευούσας
1194 1160 1272 1214 τῆς
1302 1161 1464 1213 Συρίας
1494 1149 1607 1215 ἦσαν
1637 1175 1764 1202 κατε-

102 1228 384 1282 στραμμένοι.

215 1298 253 1335 5.
286 1291 418 1335 ,Μετὰ
451 1292 498 1335 δὲ
527 1294 667 1335 ταῦτα
697 1291 719 1335 ὁ
743 1292 950 1348 βασιλεὺς
966 1288 1254 1347 Ἀλέξανδρος
1286 1291 1331 1335 ἐκ
1360 1296 1506 1350 μέθης
1538 1293 1600 1343 εἷς
1631 1293 1761 1336 νόσον
1793 1296 1871 1337 393

217 1418 237 1457 ξ
264 1418 329 1452 394
354 1434 397 1445 =
421 1416 502 1451 bell.
528 1416 605 1451 Iud.
631 1416 645 1450 1
675 1419 747 1451 105.

216 1516 578 1552 PFLAMVWELat
590 1517 747 1552 Zonaras
772 1518 787 1552 I
812 1529 846 1562 p.
873 1521 950 1552 395.

223 1578 233 1608 1
261 1570 546 1619 *πεπληροκώσ
563 1573 591 1607 P
662 1576 680 1607 2
699 1575 910 1620 *στρατιᾶσ
927 1573 986 1608 PF
1057 1577 1077 1608 4
1103 1571 1143 1620 δι’]
1162 1576 1312 1616 τοῦτον]
1331 1576 1470 1610 τοῦτον
1487 1573 1525 1610 δὲ
1541 1573 1762 1609 FLAMVW

105 1633 244 1667 τοῦτον
267 1627 308 1676 δὴ
332 1629 364 1664 Ε
481 1631 500 1662 5
525 1628 592 1665 *οἳ
616 1640 684 1666 om.
708 1630 805 1665 FLV
931 1627 1130 1676 θαλάσσησ
1154 1630 1202 1665 W
1317 1632 1336 1664 6
1361 1625 1624 1667 α’πολλωνεῖαν
1650 1631 1676 1664 P

461 1687 483 1708 ‘V

104 1706 253 1756 ἰώππην
276 1708 306 1742 F
388 1703 560 1752 ἰάμνειαν
583 1709 634 1743 Sic
651 1708 681 1742 F
707 1706 889 1753 ἰάμνειαν,
914 1723 946 1746 ει
969 1710 992 1744 i.
1018 1719 1088 1744 ras.
1105 1709 1138 1743 A
1163 1706 1315 1753 ἰάμνιαν
1340 1709 1387 1743 W
1457 1705 1650 1756 ἅνθήδονα
1676 1709 1722 1744 W

105 1771 120 1799 ἵ
149 1764 324 1812 ῥαφείαν,
349 1777 380 1801 ει
405 1775 448 1800 ex
472 1781 484 1801 ι
509 1775 600 1800 corr.
625 1765 653 1798 P
680 1763 824 1811 ῥαφιάν
847 1765 1066 1801 FLAMVW
1160 1763 1462 1813 ῥινοκούρουραν
1486 1764 1544 1808 (οὐ
1568 1776 1613 1801 ex
1637 1763 1656 1802 ό
1676 1775 1768 1801 corr.

104 1825 149 1861 A)
166 1821 307 1856 LAMV
323 1819 600 1869 ῥινοκολούραν
615 1821 696 1862 F(·?)
714 1818 996 1868 ῥινοκόρουραν
1008 1821 1053 1855 W
1070 1823 1325 1857 rinocoruram
1342 1823 1526 1865 (rinocora
1545 1822 1623 1857 cod.
1642 1821 1768 1866 Neap.)

104 1879 176 1913 Lat
265 1879 475 1925 μεσσογεία
501 1878 530 1912 F
554 1879 737 1924 μεσογεία
762 1877 950 1913 LAMVW
1054 1880 1073 1912 8
1094 1876 1235 1923 Ἄδωρα
1262 1899 1303 1902 -
1327 1873 1535 1923 Ἰδουμαίαν
1559 1889 1627 1914 om.
1653 1878 1701 1913 W

106 1931 235 1982 ιέὁωρὰ
260 1934 290 1968 F
317 1934 467 1970 aberam
491 1934 562 1968 Lat
655 1931 847 1981 Μάρισαν]
873 1950 884 1970 ι
911 1944 954 1969 ex
978 1950 1000 1981 η
1025 1945 1128 1976 corn,
1154 1948 1175 1970 ν
1199 1935 1315 1979 suppl.
1340 1935 1384 1977 A,
1411 1948 1434 1971 σ
1457 1935 1480 1970 i.
1499 1945 1569 1970 ras.
1596 1934 1625 1968 F
1651 1932 1770 1979 σαμιὲ-

107 2005 218 2039 ρισαν
240 1991 269 2026 Ρ
293 1989 484 2038 μάρισσαν
508 1991 539 2026 V
563 1990 751 2025 marissam
776 1990 848 2024 Lat
914 1993 978 2027 καὶ
1000 1984 1092 2037 ὅλην
1114 1985 1323 2036 Ἰδουμαίαν
1347 2002 1414 2027 om.
1441 1991 1495 2027 ed.
1513 2002 1567 2036 pr.
1641 1989 1771 2036 Σαμά-

109 2051 227 2094 ρειαν]
249 2050 314 2084 καὶ
339 2044 552 2094 σαμάρειαν
567 2046 788 2081 FLAMVW
858 2050 877 2082 9
902 2044 1102 2095 ἰταβήριον
1125 2047 1155 2081 F
1226 2045 1396 2094 Γάδαρα]
1422 2046 1545 2095 ἄδαρα
1570 2048 1598 2082 Ρ
1622 2046 1771 2094 γάζαρα

106 2104 293 2140 FLAMW
316 2104 495 2150 qadaram
519 2103 590 2137 Lat
682 2104 961 2146 Γαυλανίτιδας]
987 2104 1090 2139 Tuch
1113 2101 1257 2150 γαύλαν
1280 2106 1521 2150 γαυλανίτιδα
1546 2105 1574 2140 Ρ
1599 2106 1772 2151 γαυλανί-

109 2164 190 2197 τιδα
214 2160 434 2195 FLAMVW
458 2159 718 2205 qanlanilidem.
750 2159 821 2194 Lat
960 2165 998 2195 10
1025 2158 1194 2208 γάβαλα,
1223 2164 1250 2207 β
1273 2161 1295 2194 i.
1322 2171 1392 2195 ras.
1419 2161 1451 2194 A
1474 2158 1637 2204 Γάμαλα
1669 2160 1773 2196 Tuch

224 2217 482 2263 Μωαβίτιδας]
499 2216 686 2263 βωαβίτιν
702 2215 730 2249 P
754 2216 979 2252 moabitidem
994 2216 1065 2251 Lat
1167 2220 1317 2263 ησεβων
1333 2216 1360 2251 P
1384 2214 1532 2263 ἐσεβών
1547 2216 1577 2250 L
1602 2214 1774 2264 ἐσσεβὼν

109 2273 296 2309 FAMVW
319 2273 429 2308 sebon
454 2272 526 2307 Lat
615 2269 790 2317 μήδαβαν
814 2273 842 2306 Ρ
865 2270 1011 2318 μήδανα
1036 2273 1066 2307 F
1092 2273 1242 2309 medaba
1265 2273 1336 2308 Lat
1428 2271 1576 2320 Λεμβὰ]
1603 2277 1719 2320 λενβα
1744 2274 1770 2308 P

110 2331 248 2377 λεμβαί
272 2330 326 2371 (al
350 2339 394 2364 ex
419 2343 442 2364 α
468 2339 560 2363 corr.
584 2329 628 2370 A)
652 2328 758 2363 LAM
783 2332 905 2373 λεμβᾱ
928 2329 961 2364 V
986 2329 1107 2377 λε’μβα
1131 2330 1178 2365 W
1201 2333 1331 2376 Λιββα
1356 2332 1506 2364 uocatur
1528 2329 1615 2365 XIV
1642 2333 1682 2365 18

113 2388 510 2433 Ορωναιμαγελεθων]
526 2379 669 2431 ὀρωναὶ
694 2384 1020 2429 αἱματαιλαίθωνα
1046 2386 1075 2420 F
1103 2382 1250 2441 ῥρωναί
1274 2385 1602 2430 αι’ματαιλαιθιῦνα
1619 2386 1650 2420 L
1677 2382 1772 2433 ὁρω-

112 2465 176 2500 ναί
198 2465 318 2510 ματαί
341 2466 376 2507 (τ
391 2464 415 2499 i.
438 2474 508 2499 ras.
533 2463 578 2506 A)
603 2459 772 2500 λαιθωνὲι
790 2463 863 2497 ΑΜ
890 2458 1019 2511 ὅρωνα
1045 2447 1118 2509 αι’,ίῖ
1134 2464 1328 2502 τελέθωνα
1345 2464 1377 2499 V
1403 2460 1506 2510 ὁρῶν
1531 2460 1622 2509 αἷμα
1647 2468 1774 2511 γαιλα-

112 2523 220 2557 θῶνα
244 2520 293 2555 W
323 2523 624 2566 oronemegsaeton
648 2519 719 2554 Lat
749 2514 929 2566 Ὀρωναιμ
959 2518 1266 2566 ἶ4γιι).αιν’Θωνα
1299 2521 1379 2556 coni
1412 2520 1502 2556 duce
1531 2521 1691 2565 Tuchio;
1725 2521 1770 2556 cf.

113 2598 199 2634 xlv
224 2601 264 2635 18
337 2602 375 2634 11
403 2600 527 2645 ζοαρα
550 2599 579 2633 Ρ
604 2596 702 2645 ζαρά
726 2598 899 2634 FLAMV
923 2595 1021 2646 ζάρα
1045 2599 1088 2634 W
1112 2610 1202 2634 zora
1227 2600 1298 2635 Lat
1388 2580 1522 2636 κοΐν
1616 2600 1773 2642 Πέλλαν]

115 2654 255 2692 πέλλαν
277 2669 319 2692 τε
342 2655 371 2690 P
395 2655 514 2692 πέλαν
538 2654 567 2688 F
586 2655 751 2700 pellance
775 2655 845 2689 Lat
952 2652 1100 2702 ταύτην]
1126 2653 1263 2702 ταύτην
1287 2655 1326 2693 δὲ
1350 2656 1380 2690 F
1382 2656 1570 2691 LAMVW
1667 2656 1774 2692 κατέ-

116 2722 270 2757 σκαψαν
292 2711 405 2747 FVW
539 2713 579 2746 12
603 2707 891 2757 ὑποσχομένων]
924 2706 992 2757 οὐχ
1024 2708 1298 2758 ὑποσχομένων
1331 2711 1551 2748 FLAMVW
1576 2722 1655 2747 cum
1686 2723 1774 2758 pro-

118 2766 296 2802 misissent
320 2768 398 2803 cod.
423 2767 539 2812 Neap.
565 2767 708 2811 aliique,
734 2779 813 2802 cum
837 2778 909 2802 non
928 2768 1181 2813 promisissent
1204 2768 1264 2803 alii
1289 2768 1367 2803 cod.
1393 2768 1464 2803 Lat
1570 2766 1620 2810 ἐς]
1646 2768 1703 2804 εἰσ
1727 2767 1772 2804 τὰ

118 2821 336 2858 FLAMVW
426 2824 712 2872 μεταβαλέσθαι
736 2823 925 2858 LAMVW
948 2820 1256 2870 μεταβάλλεσθαι
1279 2823 1310 2857 F
1414 2828 1454 2859 14
1479 2828 1530 2866 τε]
1557 2824 1595 2861 δὲ
1619 2824 1647 2858 Ρ
1671 2837 1713 2862 τε
1737 2825 1775 2862 δέ

118 2876 149 2910 F
249 2879 517 2927 πρωτευούσησ
540 2881 570 2915 F
596 2878 861 2928 προτευοὺσασ
884 2879 914 2914 L
1029 2875 1137 2925 ἦσαν]
1164 2878 1202 2915 αἳ
1225 2873 1322 2926 ἦσαν
1344 2879 1566 2916 FLAMVW
1668 2894 1776 2918 κατε-

121 2934 354 2981 στραμμέναι
377 2936 506 2971 FLAV
531 2936 836 2982 κατεσκαμμέναι
860 2937 900 2971 M
922 2935 1243 2982 κατεστρεμμέναι
1269 2936 1315 2970 W
1434 2939 1471 2971 15
1497 2932 1729 2985 α’λέξανδροσ
1754 2934 1774 2973 ὁ

118 2987 298 3036 βασιλεὺσ
321 2995 366 3026 tr.
390 2991 646 3028 FLAMVWE

192 3051 328 3085 Iosephus
348 3053 400 3079 111.
1466 3052 1506 3084 15
