2107 3377
251 1610 275 1648 CJ!

313 171 340 208 4
832 170 996 215 ANTIQ.
1020 170 1119 207 IUD.
1143 171 1194 206 XI
1221 175 1306 206 1—5
1330 174 1456 215 (1.1.2)

425 301 483 336 ως
514 284 538 327 ὃ
571 283 832 327 Μακεδόνων
862 284 1062 336 βασιλεὺς
1095 285 1363 339 Ἀλέξανδρος
1394 286 1660 341 εὐεργέτησεν
1692 286 1851 339 αὐτοὺς
1877 304 1976 343 κρα-

310 339 438 396 τήσας
468 348 541 396 τῆς
573 342 778 392 Ἰουδαίας.

585 401 760 451 περιέχει
789 397 812 451 ἡ
844 402 994 449 βίβλος
1020 397 1182 451 χρόνον
1214 401 1321 440 ἐτῶν
1354 399 1447 451 σμγ’
1475 406 1624 454 μηνῶν
1657 399 1698 443 ε’.

423 589 456 631 Ι.
491 592 527 630 1.
579 591 653 644 Τῷ
685 589 732 632 δὲ
762 589 929 645 πρώτῳ
968 590 1045 645 τῆς
1076 588 1222 644 Κύρου
1259 590 1492 643 βασιλείας
1531 590 1642 642 ἔτει,
1680 591 1812 633 τοῦτο
1844 585 1888 632 δ’
1923 581 1976 647 ἦν

311 655 638 713 ἑβδομηκοστὸν
669 652 750 714 ἀφ’
785 652 833 714 ἧς
862 653 1028 714 ἡμέρας
1056 659 1384 713 μεταναστῆναι
1414 656 1492 700 τὸν
1524 656 1632 700 λαὸν
1661 655 1786 716 ἡμῶν
1823 657 1868 701 ἐκ
1897 661 1976 716 τῆς

311 724 476 775 οἰκείας
507 724 571 775 εἰς
603 725 847 779 Βαβυλῶνα
879 727 1130 775 συνέπεσεν,
1161 724 1343 782 ἠλέησεν
1374 723 1396 769 ὃ
1430 724 1540 775 θεὸς
1569 725 1648 782 τὴν
1671 725 1977 780 αἰχμαλωσίαν

309 793 382 835 καὶ
412 791 488 850 τὴν
521 791 755 849 συμφορὰν
787 791 963 835 ἐκείνων
992 794 1082 834 τῶν
1111 792 1433 847 ταλαιπώρων,
1465 794 1539 836 καὶ
1568 792 1724 843 καθώς
1758 802 1977 850 προεῖπεν

310 855 462 911 αὐτοῖς
494 859 567 903 διὰ
595 857 802 916 Ἱερεμίου
832 862 911 903 τοῦ
933 859 1168 918 προφήτου
1191 862 1296 915 πρὶν
1318 854 1344 916 ἢ
1365 862 1703 917 κατασκαφῆναι
1722 859 1801 916 τὴν
1827 860 1974 913 πόλιν,

311 925 371 978 ὦς
400 927 512 982 μετὰ
542 926 592 971 τὸ
628 927 862 971 δουλεῦσαι
892 927 1329 985 Ναβουχοδονοσόρῳ
1370 929 1443 971 καὶ
1482 936 1577 978 τοῖς
1609 926 1803 983 ἐκγόνοις
1841 923 1976 971 αὐτοῦ

308 997 383 1039 καὶ
422 995 585 1053 ταύτην
624 993 864 1051 ὑπομεῖναι
901 994 979 1053 τὴν
1021 995 1224 1039 δουλείαν
1264 995 1339 1039 ἐπὶ
1380 996 1453 1052 ἔτη
1495 995 1795 1054 ἑβδομήκοντα
1835 995 1974 1039 πάλιν

310 1062 469 1115 αὐτοὺς
501 1063 565 1114 εἷς
593 1062 671 1121 τὴν
702 1063 893 1120 πάτριον
926 1059 1286 1121 ἀποκαταστήσει
1323 1065 1402 1120 γῆν
1440 1065 1514 1106 καὶ
1554 1061 1630 1106 τὸν
1662 1063 1767 1107 ναὸν
1803 1063 1975 1106 οἰκοδο-

307 1131 501 1187 μήσουσι
530 1133 603 1175 καὶ
634 1133 712 1189 τῆς
743 1126 927 1186 ἀρχαίας
959 1126 1294 1173 ἀπολαύσουσιν
1325 1126 1630 1185 εὐδαιμονίας,
1662 1127 1788 1174 ταῦτ’
1825 1127 1975 1182 αὐτοῖς

309 1202 542 1255 παρέσχεν.
603 1198 897 1255 παρορμήσας
925 1197 1008 1254 γὰρ
1039 1197 1117 1256 τὴν
1138 1197 1286 1252 Κύρου
1309 1196 1452 1255 ψυχὴν
1485 1197 1693 1256 ἐποίησεν
1716 1194 1849 1242 αὐτὸν
1868 1198 1975 1255 γρά-

311 1275 399 1321 ψαι
428 1266 539 1309 κατὰ
570 1269 722 1309 πᾶσαν
742 1265 820 1321 τὴν
836 1261 1008 1318 Ἀσίαν,
1042 1260 1113 1309 ὅτι
1135 1267 1279 1320 Κῦρος
1301 1263 1323 1308 ὃ
1351 1265 1560 1319 βασιλεὺς
1593 1267 1728 1322 λέγει·
1759 1265 1890 1319 ,,ἒπεί
1919 1282 1975 1321 με

308 1332 330 1378 ὁ
363 1333 475 1385 θεὸς
506 1331 527 1377 ὁ
559 1337 767 1390 μέγιστος
788 1335 867 1390 τῆς
888 1331 1144 1390 οἰκουμένης
1165 1328 1372 1383 ἀπέδειξε
1390 1334 1593 1387 βασιλέα,
1626 1337 1853 1389 πείθομαι
1871 1336 1975 1377 τοῦ-
2026 1354 2040 1362 -

309 1419 386 1445 τον
417 1399 544 1455 εἶναι,
575 1401 625 1445 ὃν
656 1401 705 1444 τὸ
739 1403 826 1444 τῶν
851 1396 1134 1458 Ἰσραηλιτῶν
1156 1400 1289 1450 ἔθνος
1311 1410 1562 1456 προσκυνεῖ.
1608 1400 1784 1458 καὶγὰρ
1809 1397 1974 1457 τούμὸν

308 1478 526 1527 προεῖπεν
557 1466 700 1524 ὄνομα
729 1468 804 1512 διὰ
834 1470 922 1511 τιῦν
952 1470 1209 1526 προφητῶν,
1246 1470 1321 1511 καὶ
1343 1463 1414 1512 ὅτι
1445 1467 1522 1512 τὸν
1548 1467 1656 1512 ναὸν
1688 1470 1824 1513 αὐτοῦ
1855 1468 1974 1513 οἰκο-

309 1537 490 1593 δομήσω
522 1535 566 1580 ἓν
592 1532 912 1593 Ἱεροσολύμοις
942 1535 986 1579 ἓν
1015 1538 1070 1593 τῇ
1096 1532 1289 1593 Ἰουδαίᾳ
1315 1536 1485 1594 χιόρᾳ.“

420 1609 459 1648 2.
495 1607 645 1648 Ταῦτα
677 1601 718 1648 δ’
755 1605 862 1660 ἔγνω
895 1607 1039 1660 Κῦρος
1071 1599 1380 1660 ἀναγινώσκων
1400 1603 1450 1648 τὸ
1472 1605 1662 1659 βιβλίον,
1695 1603 1719 1648 ὃ
1742 1605 1819 1662 τῆς
1840 1599 1976 1647 αὐτοῦ

420 1754 442 1798 ξ
470 1757 482 1787 1
512 1771 555 1783 --
582 1752 725 1788 1.Esra
748 1751 783 1786 II
811 1756 840 1788 1.

420 1877 706 1914 FLAVWELat
718 1877 880 1912 Zonaras
905 1876 922 1911 1
946 1887 982 1921 p.
1009 1879 1073 1912 303
1099 1877 1213 1912 Bonn.

421 1938 436 1970 1
464 1930 516 1976 ὡς
542 1929 576 1978 ὁ]
601 1930 658 1970 ὡσ
675 1933 737 1968 FL
764 1927 837 1970 ὅσα
858 1930 877 1969 ὃ
896 1933 963 1968 AV
990 1926 1063 1969 ὅσα
1082 1933 1127 1967 W
1145 1936 1285 1978 quanta
1308 1933 1379 1967 Lat
1447 1929 1683 1977 μακεδόνων,
1706 1946 1750 1970 κε
1774 1942 1881 1970 enan.
1898 1933 1929 1968 L

305 1988 556 2038 ιίλέξανδροσ,
589 2004 637 2026 αν
660 2000 765 2025 euan.
790 1990 821 2024 L
966 1985 1210 2037 εῧηργέτησεν
1235 1989 1314 2024 VW
1339 1991 1375 2025 et
1398 1999 1443 2025 ex
1467 1999 1557 2024 corr.
1583 1989 1613 2024 L
1752 1984 1906 2033 αὐτοὺσ,
1928 1988 1975 2028 ὺσ

304 2058 409 2084 euan.
433 2047 464 2081 L
534 2057 570 2082 u.
597 2049 615 2080 3
640 2045 778 2081 recisus
803 2047 846 2088 A,
872 2056 939 2081 om.
957 2045 1037 2080 VW
1130 2042 1151 2091 ἡ
1176 2047 1325 2094 βίβλος]
1350 2045 1408 2080 hic
1432 2045 1522 2080 liber
1545 2045 1616 2080 Lat
1695 2043 1842 2093 χρόνον
1864 2047 1974 2089 ἐτῶν]

305 2102 369 2151 ἔτη
393 2104 425 2139 V
494 2100 592 2149 σμγ’]
618 2103 823 2138 διακοσίων
845 2106 900 2145 W
926 2102 954 2137 L
982 2100 1040 2149 ρο’
1065 2103 1100 2137 in
1126 2103 1225 2138 calce
1248 2102 1331 2138 libri
1355 2101 1406 2137 XI
1431 2101 1463 2136 Ε
1491 2099 1647 2138 CCLIII
1669 2101 1740 2138 Lat
1833 2105 1975 2150 μηνῶν]

305 2166 337 2240 ίί
363 2195 392 2228 V
486 2189 638 2239 ἡμερῶν
662 2193 740 2235 (sic)
764 2195 848 2238 post
874 2190 901 2229 ε’
926 2192 1027 2229 addit
1051 2192 1081 2227 F

419 2310 503 2342 ante
534 2317 571 2342 u.
595 2309 616 2341 4
647 2304 833 2350 φλαουιόυ
862 2303 1034 2353 Ξωσήπου
1066 2306 1259 2352 ιὀυδαϊκῆσ
1289 2301 1568 2352 ἀρχιιιολογίασ
1606 2306 1759 2352 βιβλίον
1790 2303 1839 2343 ια’
1870 2316 1974 2351 prae·

307 2363 416 2399 mittit
432 2363 461 2397 F
487 2363 650 2408 φλαυίου
672 2360 844 2409 ἰωσήπου
868 2362 1061 2408 ἰονδαϊκῆσ
1086 2358 1363 2409 α’ρχαιολογίασ
1388 2359 1509 2407 λόγοσ
1533 2359 1583 2398 ια’
1601 2362 1644 2404 Ε,
1667 2362 1704 2397 in
1721 2363 1753 2396 A
1779 2367 1976 2398 cernuntur

306 2421 447 2456 litterae
473 2432 565 2466 ση·π
589 2419 667 2454 aliis
692 2419 817 2454 recisis
942 2422 962 2453 4
987 2416 1091 2456 *ἔτει
1117 2422 1186 2465 τῆσ
1209 2416 1326 2466 κύρου
1349 2419 1552 2465 βασιλείασ
1576 2423 1620 2454 tr.
1645 2417 1743 2453 FLV
1866 2419 1906 2456 δὲ
1930 2413 1976 2466 ἦν

306 2476 387 2511 WE
483 2479 500 2509 ἰ’
524 2478 587 2511 καὶ
610 2495 655 2500 -
678 2473 836 2512 ἐκείνων
859 2476 1004 2511 iterauit
1027 2476 1157 2511 iterata
1180 2475 1313 2511 deleuit
1329 2474 1361 2510 V
1454 2471 1657 2522 συμφορὰν
1679 2472 1850 2517 ἐκείνων]
1875 2474 1978 2510 illius

305 2532 524 2569 calamitatis
548 2531 618 2567 Lat
754 2534 818 2568 καὶ
841 2529 986 2574 καθὼς]
1010 2529 1148 2568 καθὼσ
1172 2532 1220 2575 L,
1251 2531 1295 2567 de
1318 2532 1349 2566 A
1374 2542 1445 2566 non
1470 2534 1629 2575 constat,
1660 2541 1740 2566 cum
1763 2531 1880 2566 recisa
1904 2531 1976 2567 siut

306 2599 397 2634 quae
426 2589 519 2623 inter
548 2586 608 2624 πώ
641 2591 676 2624 et
706 2586 787 2631 θὼς
817 2588 982 2632 fuerunt;
1015 2589 1213 2624 uicinarum
1245 2588 1456 2623 lacunarum
1491 2587 1617 2632 spatiis
1643 2587 1859 2632 comparatis
1887 2590 1974 2622 7-8

305 2647 444 2682 litteras
469 2645 641 2680 excidisse
664 2645 853 2690 probabile
877 2651 932 2681 est
1025 2648 1044 2681 8
1069 2645 1266 2692 *ἰερεμίου
1282 2643 1344 2679 FL
1369 2644 1549 2690 ἱερεμίου.
1574 2656 1591 2680 ε
1617 2647 1700 2688 post
1724 2643 1736 2679 ὶ
1759 2644 1782 2678 i.
1801 2653 1871 2679 ras.
1896 2645 1928 2679 A

306 2707 326 2738 9
352 2698 757 2749 *ναβουχαὸανασάρω
782 2701 864 2737 Aw
955 2700 1087 2737 abhinc
1111 2702 1247 2746 integer
1270 2701 1304 2736 A
1395 2698 1573 2747 ἐγγόνοισ
1597 2700 1677 2734 FW
1774 2703 1813 2735 10
1839 2699 1975 2748 *ἑβδο-

305 2756 491 2806 μήκοντα]
518 2755 554 2793 ὀ’
575 2758 605 2791 V
628 2758 710 2802 fere
737 2757 847 2793 LXX
865 2757 937 2794 Lat
1043 2755 1196 2800 *πάλινΙ
1222 2755 1320 2802 noil-
1336 2771 1384 2793 «ν
1408 2757 1438 2792 L
1543 2760 1578 2791 11
1609 2753 1826 2803 *ncc'tpcln
1854 2757 1884 2792 L

305 2833 665 2883 *ἀποκαταστήσειν
683 2839 746 2873 LA
819 2842 860 2874 12
877 2840 996 2875 ταῦτα
1014 2837 1061 2872 W
1135 2841 1174 2872 13
1199 2834 1385 2884 *γράψαι1
1411 2836 1569 2882 πέμψαι,
1585 2836 1608 2870 ἰ.
1628 2845 1736 2880 marg.
1755 2816 1975 2884 ὶῷαζιράψαι

307 2894 337 2930 F
410 2897 450 2930 14
475 2891 569 2940 *τὴν
586 2905 653 2930 om.
678 2894 707 2929 Ι,
790 2899 829 2931 15
854 2891 898 2932 *ὁ
921 2898 1018 2937 <ante
1041 2894 1229 2941 μέγιστος)
1254 2904 1283 2929 s.
1303 2893 1331 2928 F
1402 2888 1562 2936 ἀνέδειξε
1589 2892 1735 2928 LAWE
1810 2897 1847 2930 ιτ
1875 2895 1976 2932 οἰκο-

306 2948 459 2997 δομήσω
485 2945 602 2988 αὐτοῦ
626 2955 670 2986 tr.
697 2951 810 2986 AWE
909 2954 947 2986 ¹9
972 2951 1010 2989 δὲ
1036 2951 1115 2986 WE
