2029 3392
49 955 85 989 10

47 1293 84 1327 15

46 1632 84 1665 20

48 1971 86 2004 25

532 224 691 269 ANTIQ.
717 223 811 259 IUD.
839 222 925 258 XIII
951 224 1129 258 267—273
1154 225 1255 264 (ma.
1275 225 1303 253 x.
1322 224 1351 263 ι)
1693 221 1768 258 201

230 344 268 384 3.
304 338 368 383 Τὰ
400 339 478 394 μὲν
509 328 584 381 οῦν
616 339 718 391 περὶ
740 334 942 390 Ὑρκανὸν
972 334 1049 378 τὸν
1072 331 1273 390 ἀρχιερέα
1305 334 1348 377 ἐν
1377 333 1552 384 τούτοις
1574 331 1774 389 ὑπῆρχεν,
1807 337 1888 377 267

114 411 356 465 Δημητρίῳ
395 406 442 449 δὲ
480 407 544 461 τῷ
579 405 756 459 βασιλεῖ
794 406 1152 458 προθιμοιμένῳ
1190 402 1442 458 στρατεύειν
1473 400 1547 444 ἐπὶ
1575 399 1778 457 Ὑρκανὸι

115 470 191 518 οἰκ
223 474 436 531 ἐξεγένετο
467 471 620 527 καιρὸς
652 468 751 514 οὐδὲ
785 466 963 526 ἀφορμὴ
996 473 1082 512 τῶν
1112 487 1160 512 τε
1184 470 1334 525 Σύρων
1355 471 1429 513 καὶ
1451 472 1538 512 τιῦν
1561 484 1778 524 στρατιω-

116 544 203 584 τιῦν
234 540 347 598 πρὸς
379 537 510 583 αὐτὸν
541 536 931 593 ἀπεχθανομένων,
963 536 1159 594 πονηρὸς
1189 537 1270 593 γὰρ
1301 555 1365 594 ην,
1398 538 1469 580 καὶ
1501 536 1778 591 πεμψάντων

116 608 230 665 πρὸς
260 609 539 663 Πτολεμαῖον
569 606 646 650 τὸν
679 606 897 649 Φύσκωνα
929 604 1228 661 ἐπικληθέντα
1259 608 1491 660 ιρέσβεις,
1524 603 1562 647 ό
1552 621 1650 655 τως
1678 605 1778 648 τινὰ

115 679 202 720 τιῦν
241 675 286 720 ἐκ
322 678 401 719 τοῦ
438 675 648 718 Σελεύκου
691 677 841 730 γένους
887 672 1077 728 παραδῷ
1125 668 1275 722 αὐτοῖς
1314 669 1662 729 ἀποληψόμενον
1700 672 1778 729 τὴν

113 745 357 799 βασιλείαν.
415 745 494 785 τοῦ
526 742 573 785 δὲ
594 743 878 796 Πτολεμαίου
910 744 1176 795 πέμψαντος
1202 737 1482 798 Ἀλέξανδρον
1511 739 1623 796 μετὰ
1646 756 1779 796 στρα-
1811 744 1893 786 268

114 814 214 862 τιᾶς
251 810 329 854 τὸν
367 815 556 865 Ζεβίναν
596 810 907 865 ἐπιλεγόμενον
952 809 1025 850 καὶ
1067 807 1207 865 μάχης
1250 807 1365 862 πρὸς
1407 807 1485 851 τὸν
1523 809 1779 867 Δημήτριον

114 881 365 936 γενομένης,
405 875 427 921 0‘
460 878 539 933 μὲν
570 875 781 935 ἡττηθεὶς
819 879 872 934 τῇ
903 875 1017 932 μάχῃ
1050 875 1202 932 φεύγει
1234 874 1347 931 πρὸς
1378 877 1672 932 Κλεοπάτραν
1701 876 1780 933 τὴν

112 955 293 1003 γυναῖκα
324 946 387 997 εἷς
408 946 696 1000 Πτολεμαΐδα
726 946 798 988 καὶ
829 943 885 1001 μὴ
911 944 1147 1000 δεξαμένης
1178 939 1312 986 αὐτὸν
1341 945 1418 1001 τῆς
1437 944 1640 999 γυναικὸς
1671 944 1780 988 ἐκεῖ·

113 1017 196 1058 θεν
236 1009 452 1057 ἀπελθών
491 1013 554 1064 εἷς
597 1013 739 1069 Τύρον
779 1010 1006 1055 ἁλίσκεται
1052 1013 1123 1054 καὶ
1165 1010 1312 1054 πολλὰ
1358 1011 1526 1054 παθών
1564 1009 1652 1055 ὑπὸ
1693 1014 1781 1055 τῶν

113 1081 361 1137 μισούντων
401 1078 642 1124 ἀπέθανεν.
702 1077 987 1134 Ἀλέξανδρος
1029 1080 1076 1123 δὲ
1117 1078 1196 1137 τὴν
1234 1080 1466 1134 βασιλείαν
1506 1078 1780 1136 παραλαβών
1812 1084 1895 1125 269

115 1151 271 1208 φιλίαν
301 1159 503 1193 ποιεῖται
534 1147 648 1205 πρὸς
665 1146 869 1205 Ὑρκανὸν
890 1147 966 1190 τὸν
988 1143 1205 1203 ἀρχιερέα.
1266 1147 1422 1191 ἔπειτα
1445 1148 1782 1204 πολεμήσαντος

117 1214 234 1274 αὐτῷ
263 1220 340 1261 τοῦ
370 1221 626 1275 Δημητρίου
666 1215 832 1266 παιδὸς
862 1212 1087 1269 Ἀντιόχου
1128 1218 1205 1258 τοῦ
1237 1218 1417 1271 Γρυποῦ
1448 1215 1779 1272 ἐπικληθέντος,

114 1284 324 1344 ἡττηθεὶς
354 1287 407 1342 τῇ
437 1285 550 1341 μάχῃ
583 1285 913 1341 διαφθείρεται.

226 1356 281 1398 X.
317 1359 353 1397 1.
392 1351 676 1409 Παραλαβὼν
715 1352 761 1394 δὲ
798 1350 876 1408 τὴν
915 1354 993 1407 τῆς
1024 1355 1186 1406 Συρίας
1223 1352 1455 1406 βασιλείαν
1495 1348 1517 1394 ὁ
1559 1347 1782 1406 Ἀντίοχος
1813 1355 1896 1396 270

116 1420 190 1465 ἐπὶ
222 1422 300 1475 μὲν
330 1420 408 1477 τὴν
433 1416 651 1464 Ἰουδαίαν
683 1419 935 1474 στρατεύειν
975 1415 1160 1474 εὐλαβὴς
1196 1410 1248 1476 ἦν
1278 1419 1354 1463 τὸν
1387 1415 1581 1476 ἀδελφὸν
1613 1415 1782 1463 ἇκούων

115 1488 192 1532 τὸν
223 1486 516 1545 ὁμομήτριον,
557 1484 779 1541 Ἀντίοχος
811 1487 858 1529 δὲ
887 1483 1085 1537 κάκεῖνος
1123 1486 1338 1539 ἐκαλεῖτο,
1381 1486 1566 1542 δύναμιν
1602 1483 1676 1530 ἐπ’
1704 1483 1783 1530 αῦ-

122 1554 199 1599 τὸν
232 1552 321 1599 άπὸ
355 1556 543 1608 Κυζίκου
575 1556 809 1611 συλλέγειν.
870 1571 1012 1608 μενων
1053 1555 1100 1598 δὲ
1147 1554 1258 1597 κατὰ
1296 1554 1443 1608 χώραν
1484 1555 1592 1611 έγνω
1634 1572 1783 1611 παρα-
1814 1557 1891 1596 271

116 1623 337 1675 σκειάζειν
383 1621 517 1666 αὑτὸν
557 1622 672 1679 πρὸς
720 1621 798 1680 τὴν
838 1622 1001 1678 εφοδον
1039 1622 1117 1679 τὴν
1161 1618 1406 1680 τάδελφοῦ,
1457 1621 1506 1673 ὂς
1544 1622 1783 1702 Κιζικηνὸς

114 1691 194 1745 μὲν
226 1689 451 1749 ἐπεκλήθη
493 1690 566 1734 διὰ
606 1689 654 1733 τὸ
687 1693 912 1747 τραφῆναι
943 1707 987 1733 εν
1016 1689 1151 1746 ταύτη
1183 1707 1234 1747 τῃ
1267 1689 1420 1742 πόλει,
1461 1689 1633 1746 πατρὸς
1664 1686 1704 1733 δ)
1731 1690 1783 1747 ἠν

113 1754 339 1812 Λντιόχου
377 1761 455 1801 τοῦ
492 1760 698 1821 Σωτηρος
736 1757 1075 1813 επικληθέντος,
1117 1757 1166 1808 ὃς
1205 1757 1249 1800 ἐν
1289 1757 1499 1813 Πάρθοις
1531 1754 1784 1802 απέθανεν·

116 1822 243 1877 οὗτος
274 1826 321 1869 δὲ
353 1821 547 1883 ἀδελφὸς
567 1816 619 1882 ἧν
640 1829 897 1882 Δημητρίου
917 1828 995 1868 τοῦ
1018 1828 1198 1879 Γρυποῦ
1219 1825 1403 1878 πατρός.
1454 1829 1611 1883 συνέβη
1633 1829 1786 1881 μέντοι

115 1898 222 1949 μίαν
261 1903 356 1945 τοῖς
395 1894 520 1936 δυσὶν
561 1888 772 1951 ἆδελφοῖς
809 1895 947 1950 γῆμαι
985 1893 1302 1950 Κλεοπάτραν,
1345 1891 1405 1945 ὥς
1443 1896 1516 1937 καὶ
1556 1893 1600 1936 ἐν
1633 1890 1785 1944 ἄλλοις

117 1961 420 2020 ἱστορήκαμεν.
489 1959 510 2004 ὁ
560 1961 607 2004 δὲ
651 1960 886 2018 Κυζικηνὸς
929 1957 1153 2016 Ἀντίοχος
1198 1961 1555 2018 παραγενόμενος
1601 1962 1664 2012 εἷς
1707 1961 1785 2019 τὴν
1816 1964 1898 2004 272

121 2033 285 2086 Συρίαν
315 2030 502 2079 πολλοῖς
533 2028 675 2072 ἔτεσιν
707 2027 820 2084 πρὸς
850 2028 928 2072 τὸν
950 2024 1143 2086 ἀδελφὸν
1165 2031 1373 2085 πολεμῶν
1395 2030 1593 2073 διετέλει.
1635 2027 1784 2086 Ὑρκα-

123 2095 197 2147 νὸς
228 2096 274 2139 δὲ
302 2096 452 2139 πάντα
483 2095 644 2140 ἐκεῖνον
674 2095 752 2140 τὸν
777 2096 936 2152 χρόνον
968 2096 1011 2140 ἐν
1043 2096 1189 2154 εἰρήνῃ
1223 2098 1390 2154 διῆγεν’
1430 2099 1503 2140 καὶ
1533 2096 1616 2153 γὰρ
1654 2094 1785 2148 αὐτὸς
1816 2100 1899 2141 273

123 2163 235 2219 μετὰ
264 2162 343 2222 τὴν
371 2159 599 2218 Ἀντιόχου
628 2164 832 2221 τελευτὴν
862 2167 950 2207 τιῦν
987 2164 1258 2208 Μακεδόνων
1291 2161 1461 2223 ἀπέστη
1492 2167 1563 2208 καὶ
1597 2162 1696 2208 οὔτε
1727 2163 1787 2216 ὥς

228 2310 596 2347 PFLAMVWELat
607 2311 766 2346 Zonaras
791 2311 807 2345 I
833 2323 868 2356 p.
896 2314 972 2346 388.

228 2369 248 2402 3
274 2363 357 2404 οὐδ’
382 2367 604 2403 FLAMVW
673 2380 714 2403 τε
739 2378 807 2402 om.
828 2367 986 2402 AMWE
1079 2371 1098 2403 5
1123 2365 1232 2416 πρὸς]
1259 2365 1362 2414 πρὸσ
1386 2365 1456 2405 τὸν
1480 2368 1512 2403 Ε
1583 2370 1787 2414 *φίσκωνα

115 2424 149 2460 V
241 2427 261 2460 6
285 2423 444 2471 *γένους
467 2434 534 2458 om.
559 2423 590 2458 L
691 2419 995 2470 εἷποληψόμενοσ
1018 2425 1050 2460 V
1075 2422 1295 2472 ληψόμενον
1318 2425 1460 2459 LAME
1484 2421 1715 2470 λειψόμενον
1738 2424 1785 2459 W

230 2484 248 2515 7
275 2481 480 2526 στρατείασ
504 2479 534 2514 F
561 2483 728 2526 στρατοῦ
752 2480 819 2515 VE
891 2484 909 2515 8
935 2483 1089 2528 ζεβινᾶν
1112 2481 1319 2516 FLAMVE
1344 2481 1503 2516 zehenna
1520 2481 1591 2515 Lat
1614 2482 1787 2528 Ζαβίναν

116 2537 153 2571 in
169 2537 400 2581 argumentis,
416 2537 508 2571 idem
527 2536 707 2572 Diodorus
724 2536 879 2572 XXXIV
896 2539 949 2578 22,
969 2537 1190 2582 Porphyrius
1208 2542 1244 2572 et
1261 2538 1400 2582 Trogus
1417 2537 1520 2582 proll.
1536 2539 1579 2572 39
1596 2537 1785 2581 exhibent;

118 2593 164 2628 cf.
178 2595 198 2635 ξ
211 2595 276 2628 273
342 2596 380 2628 11
399 2592 455 2630 εἰσ
472 2589 589 2639 τύρον
605 2589 788 2629 ἀπελθὼν
800 2597 844 2628 tr.
857 2592 1110 2628 FLAMVWE
1177 2596 1217 2630 12
1234 2594 1255 2629 i.
1270 2604 1380 2637 marg.
1399 2591 1449 2639 ιη’
1467 2593 1498 2627 L
1511 2591 1660 2627 XVIII
1672 2593 1743 2629 Lat

121 2651 162 2684 13
180 2645 322 2691 ἔπειτα]
339 2645 469 2686 ἔπειτα
487 2648 526 2685 δὲ
541 2648 731 2684 LAMWE
805 2652 846 2684 14
862 2652 932 2686 τοῦ
948 2652 1044 2692 (ante
1062 2653 1167 2696 Δημ.)
1185 2661 1253 2685 om.
1271 2649 1461 2684 LAMWE
1534 2651 1573 2682 15
1593 2650 1784 2695 *διαφθεί-

123 2708 238 2751 ρεται]
262 2703 588 2751 ἐπιδιαφθείρεται
611 2705 733 2740 AMW
843 2709 884 2740 16
910 2705 961 2742 *ὁ
988 2716 1056 2741 om.
1080 2705 1145 2741 FV
1241 2709 1279 2741 17
1305 2701 1496 2748 *ἀκούωιῠ
1521 2705 1674 2740 audiens
1697 2716 1786 2741 uero

119 2760 191 2795 Lat
283 2763 324 2796 18
348 2759 419 2798 τὸν
442 2773 510 2797 om.
535 2761 583 2796 W
699 2758 769 2797 τὸν
794 2758 1031 2807 ὁμομήτριον
1054 2763 1077 2797 i.
1103 2772 1174 2797 ras.
1199 2762 1405 2806 angustiore
1428 2772 1474 2796 m.
1501 2765 1521 2796 2
1545 2762 1579 2795 A
1602 2758 1673 2798 τὸν
1699 2758 1788 2808 ὃμο-

120 2813 268 2862 μήτορα
284 2816 317 2851 Ε
404 2820 445 2852 19
462 2818 501 2854 δὲ
519 2828 586 2853 om.
605 2817 677 2853 Lat
763 2821 804 2853 20
830 2814 949 2854 αὐτὸν
972 2818 1163 2853 PFLV¹W
1251 2813 1472 2862 *κυζικινὸσ
1495 2817 1526 2852 L
1597 2815 1706 2864 πρὸς]
1732 2819 1790 2856 εἰσ

121 2871 241 2906 AMW
258 2870 319 2908 ἐπὶ
335 2873 368 2908 V
430 2876 471 2909 21
489 2871 648 2921 *ἐκλήθη
665 2874 712 2909 W
775 2873 905 2920 ταύτῃ]
924 2870 1017 2920 αὐτῆ
1027 2873 1184 2908 AMWE
1247 2874 1286 2911 δὲ
1302 2874 1334 2909 Ε
1398 2876 1439 2908 23
1458 2875 1649 2921 *Γρυποῦ]
1661 2876 1790 2922 qraspi

121 2926 262 2974 (qrasbi
275 2927 352 2964 cod.
368 2928 531 2974 Neapol.)
547 2930 618 2966 Lat
689 2933 730 2965 ‘25
750 2928 1016 2976 ἱστορήκαμεν]
1034 2927 1293 2976 δεδηλώκαμεν
1308 2930 1431 2965 AMW
1447 2930 1650 2966 rettulimus
1672 2931 1744 2966 Lat

121 2985 144 3020 i.
161 2993 271 3028 marg.
297 2982 464 3020 XVIIII
487 2985 557 3020 Lat
649 2983 745 3033 *τὴν
769 2998 837 3022 om.
863 2986 896 3020 V
989 2989 1029 3021 27
1056 2983 1127 3022 τὸν
1148 2984 1295 3032 χρόνον
1317 2985 1466 3023 ἐκεῖνον
1488 2989 1534 3022 tr.
1559 2986 1714 3022 AMWE
