2107 3377
292 176 375 215 314
730 175 890 220 ANTIQ.
916 175 1014 211 IUD.
1038 175 1124 212 XIV
1148 179 1327 211 402—407
1351 178 1419 219 (xv.
1434 181 1462 208 2.
1478 179 1510 218 3)

291 307 339 334 τε
377 293 540 346 παρείη
584 290 663 332 τοῦ
702 288 841 345 δήμου
879 290 953 331 καὶ
993 288 1068 332 ἐπὶ
1109 293 1306 347 σωτηρίᾳ
1336 291 1412 345 τῆς
1441 288 1637 341 πόλεως,
1677 289 1812 347 μηδὲν
1841 290 1952 348 μηδὲ

291 369 386 410 τοῖς
417 365 626 416 φανεροῖς
654 358 741 398 τῶν
773 355 945 412 ἐχθρῶν
975 356 1330 413 μνησικακήσων,
1374 352 1485 398 ἀλλὰ
1522 356 1727 412 παρέξων
1756 359 1828 401 καὶ
1857 367 1952 409 τοῖς

179 432 262 473 403
295 424 651 484 διαφορωτάτοις
691 420 936 481 ἀμνηστίαν
974 426 1060 467 τῶν
1099 424 1162 475 εἰς
1202 420 1332 466 αὐτὸν
1382 423 1721 481 ἁμαρτημάτων.
1788 427 1867 468 τοῦ
1906 425 1954 469 δὲ

291 491 543 550 Ἀντιγόνου
583 490 698 546 πρὸς
737 490 790 534 τὰ
831 489 918 535 ὑπὸ
961 494 1040 535 τοῦ
1065 490 1260 549 Ἡρώδου
1302 494 1576 548 κηρυχθέντα
1610 493 1810 548 λέγοντος
1841 493 1955 549 πρός

292 579 340 606 τε
368 563 544 605 Σίλωνα
563 561 647 620 ’καὶ
677 559 726 602 τὸ
760 561 847 602 τῶν
873 556 1098 614 Ῥωμαίων
1135 560 1405 614 στράτευμα,
1447 556 1506 609 ῶς
1543 558 1667 615 παρὰ
1706 559 1783 616 τὴν
1817 556 1956 604 αὐτῶν
1988 568 2002 576 ”

294 628 574 685 δικαιοσύνην
607 625 783 685 “Ηρώδῃ
823 626 1042 671 δώσουσιν
1081 626 1159 686 τὴν
1196 629 1428 683 βασιλείαν
1457 626 1621 684 ’ἰδιώτῃ
1662 644 1711 670 τε
1749 624 1846 671 ὄντι
1882 629 1956 672 καὶ

287 694 533 752 Ἰδουμαίῳ,
565 698 791 739 τουτέστιν
815 693 1098 752 ἡμιιουδαίῳ,
1131 695 1230 738 δέον
1249 704 1343 746 τοῖς
1365 695 1410 737 ἐκ
1429 697 1508 737 τοῦ
1527 698 1677 750 γένους
1698 686 1798 739 οἶσι
1818 699 1959 753 παρέ-

180 773 263 814 404
290 781 384 819 χειν
422 761 482 814 ὡς
523 763 631 814 ἔθος
671 763 790 806 ἐστὶν
832 759 994 814 αὐτοῖς.
1053 765 1127 806 καὶ
1165 763 1247 820 γὰρ
1284 763 1322 806 εἰ
1353 765 1445 806 νυνὶ
1477 761 1592 817 πρὸς
1624 759 1756 807 αὐτὸν
1787 763 1959 818 ἔχουσιν

289 834 494 887 χαλεπῶς
524 833 596 875 καὶ
627 831 706 887 τὴν
734 832 967 886 βασιλείαν
997 828 1057 881 ῶς
1090 830 1283 886 λαβόντα
1313 829 1437 885 παρὰ
1468 830 1673 887 Πάρθων
1705 826 1961 888 ἀφελέσθαι

293 900 600 957 διεγνώκασιν,
643 897 758 943 εἶναί
795 915 843 955 γε
873 898 1068 948 πολλοὺς
1098 898 1143 941 ἐκ
1172 901 1249 941 τοῦ
1279 902 1430 954 γένους
1463 894 1596 942 αὐτοῦ
1625 897 1727 950 τοὺς
1759 900 1960 957 ληψομέ-

293 984 393 1019 νους
422 965 534 1010 κατὰ
565 966 641 1011 τὸν
672 967 806 1022 νόμον
836 966 915 1023 τὴν
944 968 1190 1022 βασιλείαν,
1224 968 1267 1008 οἳ
1292 966 1427 1023 μηδὲν
1458 965 1801 1024 ἐξημαρτηκότες
1833 962 1960 1010 uzi-vol

294 1035 410 1092 πρὸς
428 1034 665 1090 Ῥωμαίους
695 1037 767 1078 καὶ
802 1035 933 1090 ἱερεῖς
963 1031 1085 1084 ὄντες
1117 1030 1193 1076 οὐκ
1225 1027 1277 1075 ἂν
1309 1030 1456 1076 εἰκότα
1480 1034 1693 1087 πάσχοιεν
1723 1037 1800 1091 τῆς
1830 1036 1961 1092 τιμῆς

181 1111 264 1151 405
296 1102 567 1160 στερόμενοι.
623 1110 762 1145 ταῦτα
793 1101 907 1157 πρὸς
939 1097 1153 1158 ἀλλήλους
1185 1097 1328 1144 αὐτῶν
1360 1101 1573 1156 λεγόντων
1603 1103 1674 1145 καὶ
1708 1098 1962 1157 προελθόν-

294 1189 382 1215 των
423 1171 486 1222 εἰς
524 1172 814 1228 βλασφημίας
843 1166 1094 1225 Ἀντίγονος
1135 1165 1396 1223 ἀμύνασθαι
1426 1167 1529 1218 τοὺς
1561 1164 1651 1212 ἀπὸ
1684 1172 1763 1212 τοῦ
1793 1173 1962 1223 τείχους

296 1239 539 1295 ἐπέτρεπεν
564 1247 658 1288 τοῖς
681 1237 826 1288 ἰδίοις.
881 1238 923 1281 οἱ
956 1237 1002 1280 δὲ
1031 1236 1282 1288 τοξεύοντες
1311 1238 1385 1279 καὶ
1416 1237 1561 1293 πολλῇ
1591 1240 1831 1295 προθυμία
1860 1232 1958 1280 κατ’

297 1305 440 1351 αὐτῶν
467 1306 688 1363 χρεόμενοι
719 1306 885 1363 ῥᾳδίως
917 1301 1074 1355 αὐτοί-ς
1107 1300 1197 1348 ἆπὸ
1231 1306 1317 1347 τῶν
1349 1303 1526 1360 πύργων
1558 1303 1816 1360 ἐτρέψαντο.

182 1382 264 1422 406
411 1379 449 1420 3.
487 1375 598 1418 Τότε
628 1376 701 1418 καὶ
722 1375 866 1418 Σίλων
891 1370 1214 1429 ἀπεκαλύψατο
1245 1372 1323 1430 τὴν
1355 1372 1649 1428 δωροδοκίαν·
1681 1375 1850 1430 καθῆκε
1879 1371 1963 1429 γὰρ

295 1446 384 1487 τῶν
415 1443 589 1487 οἰκείων
612 1444 895 1498 στρατιωτῶν
918 1438 993 1485 οἰκ
1024 1437 1200 1497 ὀλίγους
1222 1440 1386 1484 σπάνιν
1416 1442 1502 1483 τῶν
1534 1439 1800 1498 ἐπιτηδείων
1828 1457 1964 1484 κατα-

294 1514 406 1567 βοᾶν
437 1513 510 1554 καὶ
539 1510 741 1567 χρήματα
772 1509 836 1561 εἰς
864 1509 1036 1568 τροφὰς
1068 1509 1206 1552 αἰτεῖν
1244 1510 1318 1551 καὶ
1355 1508 1649 1562 χειμάσοντας
1680 1503 1870 1564 ἀπάγειν
1901 1507 1965 1560 εἰς

296 1578 399 1630 τους
430 1578 709 1636 ἐπιτηδείους
747 1577 935 1631 τόπους,
975 1580 1062 1620 τῶν
1102 1579 1206 1633 περὶ
1241 1575 1319 1635 τὴν
1351 1576 1485 1619 πόλιν
1516 1573 1655 1619 ὄντων
1687 1575 1860 1634 ἐρήμων
1891 1575 1966 1620 διὰ

295 1647 345 1692 τὸ
387 1646 474 1691 ὕπὸ
515 1649 603 1690 τῶν
640 1642 894 1703 Ἀντιγόνου
935 1647 1218 1701 στρατιωτῶν
1264 1640 1610 1697 ἀνεσκευάσθαι,
1660 1643 1791 1688 ἐκίνει
1827 1660 1875 1687 τε
1912 1641 1962 1687 τὸ

183 1720 267 1760 407
301 1715 604 1772 στρατόπεδον
634 1716 707 1758 καὶ
740 1711 981 1769 ἀναχωρεῖν
1013 1713 1238 1770 ἐπειρᾶτο.
1293 1709 1491 1769 εΗρώδης
1531 1708 1569 1754 δ)
1600 1710 1785 1755 ἐνέκειτο
1817 1727 1965 1766 παρα-

296 1786 440 1827 καλῶν
471 1783 574 1834 τούς
603 1800 651 1826 τε
683 1780 770 1825 ὑπὸ
803 1785 866 1838 τῷ
897 1783 1060 1825 Σίλωνι
1089 1778 1307 1838 ἡγεμόνας
1346 1781 1418 1823 καὶ
1457 1781 1559 1830 τοὺς
1599 1779 1875 1835 στρατιώτας
1904 1778 1963 1837 μὴ

296 1853 558 1895 καταλιπεῖν
591 1847 745 1903 αὗτόν,
788 1849 1017 1906 Καίσαρός
1054 1865 1103 1892 τε
1140 1850 1212 1891 καὶ
1244 1844 1482 1891 Ἀντωνίου
1517 1849 1590 1890 καὶ
1622 1850 1699 1904 τῆς
1731 1847 1965 1904 συγκλήτου

412 1989 433 2033 ξ
458 1989 524 2022 402
550 2003 593 2015 =
619 1987 700 2021 bell.
725 1986 803 2020 Iud.
825 1985 841 2019 Ι
868 1987 944 2020 295.

413 2099 947 2136 PFLAMVWELatZonaras
971 2098 988 2133 I
1012 2108 1047 2142 p.
1074 2101 1150 2133 415.

416 2162 432 2194 1
459 2158 609 2205 παρείη]
635 2155 795 2190 PA¹WE
822 2152 958 2201 παρήει
983 2154 1045 2189 FL
1070 2154 1188 2202 παρίη
1212 2153 1245 2188 V
1270 2150 1527 2200 παραγεγόνει
1552 2153 1592 2187 Μ
1623 2154 1660 2188 et
1682 2162 1727 2188 ex
1751 2162 1843 2188 corr.
1869 2152 1902 2186 A

300 2215 390 2254 *ἐπὶ
415 2227 484 2251 0111.
510 2215 543 2250 V
612 2213 740 2260 *μηδὲ]
765 2210 858 2259 μήτε
883 2211 942 2246 PF
1037 2214 1055 2245 2
1081 2212 1291 2257 *φανερῶσ
1310 2210 1355 2244 W
1426 2212 1444 2244 3
1471 2205 1692 2256 οἷμνηστίαν,
1719 2210 1732 2244 ί
1755 2209 1779 2243 i.
1803 2218 1873 2244 ras.
1891 2208 1925 2242 A

302 2277 321 2309 5
346 2274 512 2310 *σιδῶνα
537 2271 565 2306 Ρ
681 2271 788 2306 *τῶν
811 2269 834 2304 i.
860 2279 932 2303 ras.
956 2269 990 2302 A
1122 2270 1142 2302 6
1166 2265 1311 2313 *ἰδιότη
1335 2267 1364 2301 P
1481 2270 1497 2300 7
1526 2263 1761 2312 *ἡμϊουδαίω
1786 2265 1859 2300 MV
1883 2260 1971 2311 ἡμῖν

300 2330 453 2367 ἰουδαίω
471 2329 501 2363 L
575 2321 670 2369 οὖσι]
689 2320 795 2363 οὖσιν
812 2325 884 2369 PL,
909 2335 977 2360 om.
995 2324 1027 2359 Ε
1097 2323 1316 2371 *παρέχειν]
1342 2321 1474 2370 ἄρχειν
1489 2323 1518 2358 Ρ
1596 2325 1614 2358 8
1641 2324 1733 2359 *νῦν
1748 2320 1971 2357 FLAMVW

301 2391 320 2423 9
346 2382 620 2433 *διεγνώκασιν
644 2380 853 2430 ἀφελέσθαι
879 2387 923 2417 tr.
950 2380 1135 2416 FLAMW
1210 2384 1249 2416 10
1266 2377 1547 2427 *διεγνώκεσαν
1571 2379 1604 2414 V
1696 2381 1751 2425 γε]
1777 2378 1832 2413 ed.
1850 2388 1904 2422 pr.
1930 2389 1971 2414 τε

301 2443 414 2487 codd„
440 2453 508 2478 om.
535 2442 567 2476 Ε
660 2437 789 2482 *τοὺς]
811 2442 883 2474 om.
911 2438 938 2472 P
964 2440 1058 2474 τοῦσ
1083 2447 1125 2472 ex
1149 2440 1219 2483 τῆσ
1244 2447 1335 2472 corr.
1360 2437 1394 2470 A
1485 2435 1825 2483 *συλληψομένουσ
1848 2434 1879 2469 F

305 2504 342 2536 11
370 2497 440 2537 τὸν
464 2509 532 2534 om.
558 2495 811 2533 FLAMVWE
906 2490 1014 2531 αι’-τοὶ
1038 2504 1107 2529 om.
1133 2494 1200 2529 VE
1296 2495 1334 2529 12
1359 2495 1423 2529 καὶ
1447 2503 1516 2528 om.
1542 2493 1574 2527 E
1658 2495 1698 2526 13
1725 2488 1971 2539 στερούμενοι

302 2556 484 2592 FLVWE
577 2550 906 2601 *προσελθόντων
922 2551 995 2587 MV
1093 2553 1131 2585 14
1157 2546 1364 2595 ἀμύνεσθαι
1385 2549 1445 2584 PE
1540 2545 1668 2591 *τοὺς]
1693 2555 1774 2591 τοῖς
1797 2547 1853 2583 ed.
1870 2558 1925 2593 pr.

304 2615 402 2651 *τοῦ
427 2624 495 2648 om.
521 2612 551 2647 F
647 2614 685 2646 15
710 2604 800 2646 κατ’
827 2605 953 2645 αὐτῶν
974 2604 1166 2655 χρώμενοι
1191 2607 1385 2654 προθυμία
1411 2609 1453 2640 tr.
1479 2605 1510 2639 E
1618 2608 1657 2640 17
1683 2606 1784 2647 *καὶ]
1809 2606 1872 2640 καὶ
1897 2600 1972 2651 γὰρ

303 2673 367 2707 καὶ
391 2672 431 2707 Μ
501 2665 689 2714 *καθήκει
707 2667 736 2701 L
751 2669 787 2702 et
802 2666 826 2701 i.
845 2676 954 2710 marg.
972 2666 1011 2700 M
1037 2678 1084 2711 γρ
1100 2665 1271 2701 καθείκει
1288 2664 1336 2705 (εί
1352 2663 1373 2698 i.
1392 2665 1476 2704 ras.)
1493 2661 1515 2697 i.
1535 2671 1644 2705 marg.
1671 2661 1704 2694 A
1777 2663 1816 2696 18
1835 2657 1972 2698 σπάνει

303 2728 365 2762 ΡΕ
390 2727 465 2762 fort
489 2730 588 2761 recte
680 2724 797 2765 *τῶν]
823 2736 863 2759 τε
888 2725 964 2759 τῶν
989 2721 1043 2757 ed.
1063 2732 1117 2766 pr.
1210 2719 1468 2765 *ἐπιτηδείωῆ
1490 2703 1595 2754 ’ἰδίων
1620 2717 1647 2752 Ρ
1671 2714 1879 2764 ἐπιτηδήων
1904 2716 1970 2760 W;

304 2783 429 2819 uitium
455 2783 604 2818 subesse
628 2781 700 2817 uid.
726 2781 772 2816 cf.
800 2780 880 2815 bell.
907 2779 983 2815 Iud.
1104 2780 1144 2813 19
1170 2773 1382 2823 α’παγαγεῖν
1406 2776 1439 2810 V
1533 2777 1574 2809 20
1597 2772 1813 2820 ἐπιτηδιόι·σ
1842 2774 1870 2808 Ρ
1894 2771 1973 2810 ἐπι·

304 2841 490 2886 τηιδείουσ
514 2839 547 2873 Α
617 2841 657 2874 ‘21
686 2834 744 2880 τὸ]
770 2839 847 2873 τῶν
870 2836 900 2870 L
993 2837 1081 2877 τῶν]
1108 2837 1175 2870 τοῦ
1192 2833 1222 2868 L
1315 2828 1599 2870 οἷνασκευάσθαι
1623 2830 1651 2864 F
1722 2830 1871 2876 *ἐκείνη
1895 2829 1926 2864 L

304 2898 373 2933 4’τε
399 2907 466 2932 orn.
495 2895 522 2930 P
654 2897 696 2930 22
720 2896 784 2930 καὶ
808 2904 876 2928 om.
904 2893 930 2927 P
1063 2893 1104 2926 23
1131 2888 1201 2927 τὸν
1225 2891 1368 2926 σίλωνα
1392 2889 1440 2925 V¹
1571 2884 1659 2929 τοὺς
1683 2892 1778 2932 (post
1801 2889 1878 2927 καὶ)
1904 2895 1972 2922 om.

304 2952 523 2987 FLAMVW
617 2954 659 2986 24
685 2953 952 2986 *καταλειπεῑν
975 2948 1003 2983 Ρ
