2107 3377
235 200 319 238 204
672 202 835 247 ANTIQ.
859 202 958 238 mo.
983 203 1073 238 xm
1097 205 1275 240 282—289
1299 207 1346 248 (x.
1361 207 1460 248 3—5)

124 315 208 358 283
237 319 399 369 τίοχον.
456 316 530 359 καὶ
551 317 682 359 τοῦτο
703 313 945 371 προελθών
966 314 1013 359 ἐκ
1041 318 1120 359 τοῦ
1139 319 1247 360 ναοῦ
1275 319 1412 361 παντὶ
1433 320 1497 374 τῷ
1518 317 1691 374 πλήθει
1711 318 1903 376 φανερὸν

236 381 458 441 ἐποίησεν,
497 384 572 427 καὶ
611 386 768 440 συνέβη
810 378 950 434 οὕτως
987 386 1212 440 γενέσθαι.
1270 387 1344 429 καὶ
1373 383 1430 428 τὰ
1459 385 1539 440 μὲν
1569 387 1675 441 περὶ
1699 382 1904 443 Ὑρκανὸν

234 449 279 494 ἐν
309 446 484 501 τούτοις
512 441 578 508 ἧν.

121 520 205 561 284
348 522 388 562 4.
419 517 548 561 Κατὰ
580 517 627 560 δὲ
656 519 814 562 τοῦτον
853 518 975 573 ἔτυχε
1011 518 1089 563 τὸν
1126 518 1280 575 καιρὸν
1315 520 1373 576 μὴ
1404 520 1540 575 μόνον
1569 519 1673 571 τοὺς
1703 519 1747 565 ἐν
1773 518 1904 578 Ἱερο-

237 585 450 641 σολύμοις
478 587 553 629 καὶ
582 587 637 642 τῇ
665 585 788 644 χώρᾳ
812 581 1053 638 Ἰουδαίους
1083 582 1331 644 εὐπραγεῖν,
1364 584 1476 630 ἀλλὰ
1497 587 1694 639 καὶτοὺς
1715 587 1760 632 ἓν
1779 584 1904 633 Ἀλε-

122 655 203 697 285
236 652 444 711 ξανδρείᾳ
481 655 794 704 κατοικοῦντας
830 656 904 698 καὶ
944 653 988 697 ἐν
1026 654 1250 711 Αἰγύπτῳ
1289 657 1363 699 καὶ
1403 655 1596 712 Κύπρῳ·
1633 656 1904 715 Κλεοπάτρα

233 720 315 777 γὰρ
346 719 372 779 ἡ
403 722 647 776 βασίλισσα
676 720 793 777 πρὸς
821 721 899 766 τὸν
927 722 1026 765 υἱὸν
1057 723 1358 776 στασιάζουσα
1388 725 1671 778 Πτολεμαῖον
1700 723 1778 767 τὸν
1797 723 1905 768 Λά-

233 791 403 847 θουρον
442 788 755 845 ἐπιλεγόμενον
792 792 1056 847 κατέστησεν
1095 788 1310 848 ἡγεμόνας
1350 792 1545 835 Χελκίαν
1583 793 1656 835 καὶ
1695 787 1904 836 Ἀνανίαν

233 855 357 907 υἱοὺς
388 853 519 908 ὄντας
543 852 692 901 Ὀνίου
722 860 802 900 τοῦ
833 857 1206 915 οἰκοδομήσαντος
1235 858 1312 902 τὸν
1333 858 1439 902 ναὸν
1461 858 1506 902 έν
1526 861 1590 916 τῷ
1614 859 1903 917 Ἡλιοπολίτῃ

235 926 358 980 νομῷ
387 923 504 981 πρὸς
533 923 610 968 τὸν
641 924 686 968 ἐν
705 935 800 976 τοῖς
816 922 1149 983 Ἱεροσολύμοις,
1182 924 1242 977 ὥς
1262 927 1335 970 καὶ
1357 926 1562 983 πρόσθεν
1584 927 1904 985 δεδηλώκαμεν.

120 994 201 1035 286
231 992 499 1047 παραδοῦσα
530 993 577 1035 δὲ
606 992 781 1044 τούτοις
820 991 846 1052 ἡ
877 993 1151 1050 Κλεοπάτρα
1187 993 1268 1050 τὴν
1298 993 1510 1050 στρατιὰν
1542 990 1668 1038 οὐδὲν
1699 995 1799 1050 δίχα
1827 997 1905 1054 τῆς

233 1056 402 1103 τούτων
431 1060 606 1118 γνώμης
636 1060 866 1116 ἔπραττεν,
897 1058 959 1111 ὥς
988 1071 1203 1117 μαρτυρεῖ
1230 1064 1305 1105 καὶ
1334 1062 1546 1119 Στράβων
1575 1060 1679 1120 ἡμῖν
1716 1061 1738 1106 ὅ
1770 1067 1904 1106 Καπ-

120 1129 201 1171 287
234 1124 384 1179 πάδοξ
419 1129 556 1184 λέγων
594 1123 755 1179 οὕτως·
794 1129 868 1182 ,,οἱ
905 1127 988 1184 γὰρ
1027 1130 1230 1182 πλείους,
1271 1129 1318 1172 οἵ
1349 1146 1398 1172 τε
1437 1129 1728 1180 συνελθόντες
1755 1131 1830 1174 καὶ
1861 1131 1905 1174 οἱ

233 1190 415 1250 ὕστερον
447 1195 812 1250 ἐπιπεμπόμενοι
842 1195 967 1254 παρὰ
997 1198 1076 1255 τῆς
1107 1197 1403 1253 Κλεοπάτρας
1440 1197 1503 1249 εἷς
1532 1197 1739 1254 Κύπρον,
1776 1214 1904 1254 μετε-

231 1263 422 1320 βάλοντο
461 1265 733 1322 παραχρῆμα
771 1262 888 1319 πρὸς
925 1262 1004 1307 τὸν
1042 1266 1350 1320 Πτολεμαῖον·
1395 1265 1526 1320 μόνοι
1571 1265 1618 1309 δὲ
1664 1266 1706 1309 οἱ
1746 1265 1792 1309 ἐκ
1828 1268 1906 1323 τῆς

227 1326 373 1374 Ὀνίου
411 1327 640 1387 γενόμενοι
673 1328 882 1376 Ἰουδαῖοι
922 1334 1156 1387 συνέμενον
1196 1332 1271 1375 διὰ
1307 1331 1357 1376 τὸ
1397 1332 1501 1384 τοὺς
1539 1334 1729 1385 πολίτας
1759 1329 1904 1378 αὐτῶν

234 1394 479 1454 εὐδοκιμεῖν
509 1399 706 1454 μάλιστα
737 1398 862 1455 παρὰ
892 1402 946 1457 τῇ
975 1401 1216 1457 βασιλίσσῃ
1248 1402 1443 1445 Χελκίαν
1472 1417 1521 1444 τε
1550 1402 1624 1445 καὶ
1654 1397 1905 1446 Ἀνανίαν.“

231 1469 372 1510 ταῦτα
402 1467 481 1522 μὲν
514 1458 590 1511 οῦν
621 1465 643 1510 ὁ
677 1467 890 1524 Στράβων
921 1472 1071 1526 φησίν.

119 1536 200 1578 288
348 1539 385 1578 5.
413 1534 604 1592 Ὑρκανῷ
626 1535 673 1578 δὲ
695 1535 871 1593 φθόνον
895 1535 1089 1594 ἐκίνησεν
1110 1535 1236 1591 παρὰ
1265 1538 1354 1579 τῶν
1369 1532 1593 1580 Ἰουδαίων
1622 1533 1648 1593 ἡ
1671 1532 1903 1594 εὖπραγία,

232 1603 430 1657 μάλιστα
470 1599 512 1646 δ’
547 1604 590 1647 οἱ
625 1609 871 1660 Φαρισαῖοι
910 1607 1052 1655 κακῶς
1089 1604 1205 1660 πρὸς
1237 1601 1370 1648 αὐτὸν
1411 1602 1538 1658 εἶχον,
1580 1604 1750 1661 αἵρεσις
1779 1601 1904 1656 ὄντες

231 1675 314 1725 μία
343 1673 432 1713 τῶν
457 1667 696 1725 Ἰουδαίων,
729 1668 789 1723 ὥς
818 1674 892 1716 καὶ
924 1671 967 1715 ἓν
997 1681 1092 1723 τοῖς
1124 1672 1276 1716 ἐπάνω
1308 1672 1626 1730 δεδηλώκαμεν.
1684 1672 1903 1730 τοσαύτην

234 1739 280 1782 δὲ
313 1739 460 1792 ἔχουσι
489 1738 568 1798 τὴν
602 1739 722 1794 ἰσχὺν
752 1739 877 1794 παρὰ
916 1742 981 1796 τῷ
1018 1740 1210 1798 πλήθει,
1252 1737 1312 1791 ὡς
1349 1743 1422 1784 καὶ
1461 1739 1571 1783 κατὰ
1609 1741 1830 1795 βασιλέως
1858 1757 1903 1785 τι

118 1805 199 1848 289
231 1808 429 1862 λέγοντες
449 1809 522 1850 καὶ
543 1806 643 1850 κατ)
669 1803 904 1863 ἀρχιερέως
925 1807 1061 1858 εὐθὺς
1081 1807 1394 1851 πιστεύεσθαι.
1452 1807 1661 1867 μαθητὴς
1690 1808 1737 1851 δὲ
1759 1804 1902 1851 αὐτῶν

229 1865 281 1932 ἧν
312 1877 385 1918 καὶ
413 1873 616 1930 Ὑρκανὸς
645 1877 719 1918 καὶ
751 1875 928 1933 σφόδρα
958 1871 1039 1918 ὑπ’
1074 1872 1218 1918 αὐτῶν
1247 1872 1467 1931 ἠγαπᾶτο.
1527 1877 1599 1919 καὶ
1632 1875 1681 1932 δὴ
1713 1877 1903 1926 καλέσας

345 2012 367 2056 ξ
392 2013 458 2046 288
482 2028 526 2039 --
551 2011 634 2046 bell.
659 2011 737 2046 Iud.
763 2011 781 2045 1
805 2015 860 2047 67.

346 2125 634 2160 PFLAMVWE
645 2125 717 2159 Lat
729 2125 890 2160 Zonaras
915 2124 931 2158 Ι
956 2136 990 2169 p.
1018 2127 1095 2160 390.

345 2184 364 2216 2
388 2184 452 2217 καὶ
477 2182 625 2229 συνέβη]
652 2182 788 2229 συνέβη
813 2182 850 2218 δὲ
874 2181 1032 2216 AMWE
1125 2175 1225 2218 offic)
1247 2181 1406 2216 AMWE
1475 2178 1642 2228 υρκανοῦ
1665 2181 1695 2216 L
1766 2184 1786 2216 6
1811 2184 1902 2219 *καὶ

232 2236 374 2287 Κύπρῳ
399 2249 468 2274 om.
494 2239 539 2273 W
614 2243 631 2273 7
658 2241 811 2284 βασιλὶσ
836 2238 868 2272 Ε
962 2235 1199 2284 *λάθονρον,
1225 2251 1269 2274 οἰ·
1293 2248 1337 2273 ex
1362 2251 1382 2274 v
1407 2248 1498 2273 corr.
1517 2238 1547 2272 L
1574 2237 1758 2284 lathyrum
1783 2239 1856 2274 Lat

230 2300 249 2329 9
274 2295 543 2342 *ἡλιουπολίτη
567 2295 755 2330 FAMVW
781 2295 1059 2340 ἰουλιουπολλτη
1082 2295 1112 2328 L
1240 2298 1278 2329 10
1304 2292 1440 2339 *νόμω
1467 2294 1626 2329 PFA¹W
1724 2301 1806 2338 τοῖς
1830 2305 1899 2332 om.

228 2351 482 2386 FLAMVWE
545 2349 732 2399 πρόσθεν]
749 2350 790 2387 ἐν
808 2351 935 2394 ἄλλοις
953 2351 1079 2386 PFLV
1095 2351 1262 2397 superius
1278 2350 1349 2386 Lat
1416 2355 1447 2385 ll
1470 2349 1489 2396 ἡ
1507 2349 1728 2398 κλεοπάτρα
1745 2349 1902 2389 τούτοισ

228 2411 272 2443 tr.
287 2408 445 2443 AMWE
519 2412 557 2444 12
576 2409 751 2446 *τούτοιν
768 2405 928 2455 γνώμης]
946 2404 1099 2454 γνώμησ
1117 2407 1242 2444 αὐτῶν
1255 2407 1285 2441 L
1365 2412 1402 2443 13
1422 2408 1468 2450 οἱ]
1488 2408 1525 2444 αὶ
1538 2415 1575 2449 (α
1590 2408 1669 2443 add.
1684 2408 1901 2452 rubricator)

227 2465 257 2499 F
329 2463 369 2501 οἵ
390 2476 458 2501 om.
484 2465 639 2500 LAMW
730 2469 784 2507 τε]
810 2478 876 2501 τεσ
900 2464 930 2498 L
1025 2461 1285 2506 συνελθόντες]
1311 2462 1639 2511 συγκατελθόντεσ
1663 2467 1700 2511 (γ
1721 2464 1745 2499 i.
1764 2474 1836 2500 ras.
1853 2466 1900 2509 A)

228 2521 381 2555 LAMW
408 2523 470 2567 qui
495 2534 572 2557 cum
599 2533 640 2557 eo
665 2521 924 2557 descenderunt
950 2521 1021 2556 Lat
1103 2523 1178 2563 καὶ]
1203 2517 1290 2565 ἡμῖν
1313 2523 1377 2557 καὶ
1401 2521 1498 2556 FLV
1569 2520 1605 2557 οἳ
1630 2531 1699 2556 om.
1724 2520 1854 2557 PFLV

234 2582 272 2612 ¹4
297 2575 581 2625 μετεβάλλοντο
610 2582 663 2620 (τε
689 2589 732 2613 ex
757 2593 803 2615 τα
829 2588 921 2613 corr.
939 2576 984 2619 F)
1007 2577 1228 2613 FLAMVW
1251 2577 1599 2625 μεταβαλλιῃιι-ἰ·ων
1623 2577 1654 2611 Ε
1728 2579 1768 2611 16
1793 2574 1898 2623 γενό-

227 2639 348 2678 μενοι]
375 2633 575 2681 λεγόμενοι
594 2634 933 2670 FLAMVWELat
1003 2633 1248 2679 *συνέμενονἹ
1275 2630 1319 2671 οὗ
1345 2634 1549 2678 συνέμενον
1573 2633 1601 2668 Ρ
1672 2632 1899 2678 *συνέμενον

227 2691 386 2728 ιὀυὸαἷοι
412 2697 457 2727 tr.
482 2692 513 2726 V
606 2689 652 2728 τὸ
679 2703 746 2726 om.
773 2692 819 2726 W
928 2694 965 2725 17
993 2685 1059 2727 οὖν
1087 2701 1155 2726 om.
1182 2691 1228 2726 W
1330 2695 1370 2726 19
1394 2687 1457 2736 *r‘ssl
1483 2685 1504 2735 η’
1528 2703 1567 2726 τε
1595 2684 1711 2725 αὐτοῦ
1733 2692 1795 2725 καὶ
1822 2692 1900 2726 τῶν

228 2747 318 2783 υἱῶν
342 2748 497 2783 LAMW
614 2745 662 2794 *ἢ
688 2743 875 2795 εὐπραγία
901 2751 983 2782 ante
1008 2744 1112 2795 παρὰ
1137 2751 1181 2783 tr.
1208 2747 1241 2782 V
1378 2743 1614 2792 *εύπράγεια
1639 2745 1669 2780 L
1791 2749 1834 2781 20
1859 2746 1899 2784 δὲ

227 2804 482 2839 FLAMVWE
599 2804 848 2851 *φαρισσαῖοι
874 2804 903 2840 F
1019 2806 1185 2847 *κακῶς]
1210 2806 1341 2840 κακῶσ
1365 2801 1439 2850 γὰρ
1462 2803 1619 2838 LWLat
1725 2800 1899 2847 *αἵρεσις

226 2881 270 2887 -
297 2865 335 2895 21
365 2861 625 2907 δεδηλώκαμεν
650 2872 718 2897 om.
745 2861 815 2897 Lat
934 2864 976 2896 22
1001 2858 1182 2907 *ἔχουσιν
1204 2860 1234 2895 L
1362 2863 1403 2894 23
1428 2856 1525 2896 κατὰ
1551 2859 1648 2895 FLV
1779 2855 1899 2898 *εὐθὺ

227 2917 443 2952 PFLAMW
467 2919 582 2963 facite
599 2917 670 2952 Lat
739 2918 818 2960 ηεξ]
844 2913 878 2953 δ’
898 2917 963 2952 FV
988 2913 1024 2953 δ’
1050 2913 1140 2963 52111,
1213 2913 1402 2954 *αὐτῶν
1472 2918 1513 2950 24
1540 2909 1594 2962 ἦν]
1620 2927 1688 2951 om.
1707 2915 1897 2952 LAMWE

225 2974 352 3019 suerat
371 2974 439 3009 Lat
502 2971 696 3021 Ὑρκανὸς]
722 2971 893 3020 ὗρκανὸσ
916 2971 1084 3021 ἐγεγόνει
1102 2973 1259 3008 AMWE
1327 2968 1532 3020 *ἠγαπᾶτο
1556 2968 1622 3010 ὑπ’
1647 2975 1773 3009 αυτῶν
1795 2974 1839 3008 tr.
1858 2971 1899 3007 Μ

1937 935 1973 968 10

1935 1273 1973 1307 15
