2107 3377
151 461 202 501 15

151 733 203 774 16

151 937 202 976 17

150 1204 201 1245 18

150 1545 201 1585 19

237 206 318 244 154
721 207 882 251 ANTIQ.
907 207 1004 244 IUD.
1029 208 1116 243 XIII
1145 212 1275 246 14—19
1300 214 1334 252 (1.
1352 217 1380 244 3.
1396 214 1428 253 4)

232 322 308 364 καὶ
345 323 501 364 τοῦτον
541 319 834 372 διασώζονται
869 319 947 364 τὸν
985 321 1154 378 τρόπον
1195 322 1258 374 εἷς
1294 323 1344 366 τὸ
1375 326 1517 379 πέραν
1555 325 1634 366 τοῦ
1666 318 1900 380 Ἰορδάνου,

232 391 317 432 τῶν
347 390 577 443 πολεμίων
614 383 757 431 οὐκέτι
786 387 864 432 τὸν
906 389 1111 444 ποταμὸν
1149 386 1498 446 ἀντιδιαβάντων
1535 388 1904 447 ὑποστρέψαντος

235 453 371 507 εὐθὺς
399 458 478 500 τοῦ
507 456 726 510 Βακχίδου
759 455 821 506 εἷς
849 454 928 513 τὴν
961 456 1004 500 ἓν
1030 454 1349 512 Ἱεροσολύμοις
1385 456 1532 514 ἄκραν.
1601 454 1824 513 ἀπέβαλεν
1855 460 1903 504 δὲ

233 527 312 582 τῆς
343 526 554 581 στρατιᾶς
585 520 645 573 (ὃς
675 525 780 578 περὶ
813 523 1067 578 δισχιλίους.
1127 526 1298 577 πολλὰς
1338 526 1385 569 δὲ
1415 529 1492 583 τῆς
1516 521 1734 577 Ἰουδαίας
1768 544 1903 570 κατα-

234 591 479 647 λαβόμενος
517 590 673 642 πόλεις
712 588 734 634 ὃ
768 592 987 650 Βακχίδης
1027 589 1268 649 ὠχύρωσεν,
1308 595 1381 637 καὶ
1420 593 1498 652 τὴν
1532 590 1792 649 Ἱεριχοῦντα
1829 596 1905 638 καὶ

231 655 458 715 Ἀμμαοῦν
488 660 561 702 καὶ
592 661 862 715 Βαιθωροῦν
901 662 974 704 καὶ
1005 663 1190 719 Βέθηλα
1220 663 1293 705 καὶ
1329 661 1555 716 Θαμναθὰ
1586 663 1660 704 καὶ
1695 660 1901 717 Φαραθὼ

232 729 306 771 καὶ
335 727 505 781 Τοχόαν
525 727 598 769 καὶ
622 725 812 782 Γάζαρα,
843 729 916 771 καὶ
947 728 1141 784 πύργους
1171 728 1216 772 ἐν
1238 729 1396 786 ἑκάστῃ
1426 731 1512 772 τιῦν
1533 729 1710 772 πόλεων
1731 728 1905 772 οἰκοδο-

231 795 378 854 μήσας
416 797 489 838 καὶ
528 798 647 852 τείχη
687 794 942 850 περιβαλών
981 792 1135 847 αὐταῖς
1175 796 1364 852 καρτερὰ
1394 798 1466 840 καὶ
1497 799 1562 853 τῷ
1590 800 1775 852 μεγέθει
1806 797 1905 841 δια-

234 867 428 920 φέροντα
459 862 644 917 δύναμιν
675 861 738 913 εἷς
761 858 897 914 αι”τὰς
917 866 1193 922 κατέστησεν,
1226 860 1351 915 ὅπως
1381 867 1539 908 κακοῦν
1562 863 1734 908 ἐκεῖθεν
1755 862 1904 921 ὁρμώ-

233 948 358 986 μενοι
397 929 500 981 τοὺς
532 925 772 980 Ἰουδαίους
810 930 979 984 ἔχωσιν.
1047 932 1243 985 μάλιστα
1289 933 1336 975 δὲ
1380 931 1458 989 τὴν
1503 931 1546 976 ἓν
1583 929 1906 988 Ἱεροσολύμοις

235 996 371 1053 ἄκραν
401 994 645 1054 ὠχύρωσεν.
705 997 852 1053 λαβὼν
893 999 939 1041 δὲ
978 1002 1052 1043 καὶ
1090 999 1194 1050 τοὺς
1232 1002 1317 1043 τῶν
1357 999 1548 1056 πρώτων
1585 1001 1662 1057 τῆς
1687 995 1906 1051 Ἰουδαίας

234 1067 402 1118 παῖδας
442 1064 635 1121 ὁμήρους
674 1065 736 1116 εἰς
766 1064 844 1123 τὴν
885 1063 1019 1122 ἒὶκραν
1052 1062 1211 1117 αὖτους
1242 1067 1480 1111 ἐνέκλεισεν
1508 1069 1581 1110 καὶ
1612 1069 1766 1110 τοῦτον
1797 1067 1906 1125 ἐφύ-

235 1136 390 1178 λαττεν
419 1133 496 1177 τὸν
527 1134 709 1189 τρόπον.

347 1207 386 1245 4.
413 1199 520 1245 Ὑπὸ
543 1200 620 1244 τὸν
641 1196 776 1244 αὗτὸν
797 1201 845 1244 δὲ
876 1200 1030 1255 καιρὸν
1061 1201 1419 1257 παραγενόμενός
1449 1217 1518 1252 τις
1548 1200 1663 1257 πρὸς
1688 1196 1905 1259 Ἰωνάθην

1936 939 1974 974 10

230 1272 304 1314 καὶ
334 1269 411 1313 τὸν
443 1265 638 1326 ἀδελφὸν
669 1263 805 1311 αὐτοῦ
824 1272 1006 1323 Σίμωνα
1036 1268 1140 1319 τοὺς
1171 1265 1416 1325 Ἀμαραίου
1449 1269 1616 1319 παῖδας
1648 1264 1908 1327 ἀπήγγειλεν
1938 1277 1976 1312 15

232 1333 385 1388 αὗτοῖς
413 1337 554 1394 γάμον
586 1336 899 1386 ἐπιτελοῦντας
940 1338 1014 1380 καὶ
1044 1335 1123 1392 τὴν
1155 1336 1329 1394 νύμφην
1361 1334 1548 1393 ἄγοντας
1578 1332 1669 1380 άπὸ
1703 1335 1905 1392 Ναβαθὰ

230 1405 406 1456 πόλεως
435 1408 662 1461 θυγατέρα
700 1403 820 1454 τινὸς
861 1395 998 1447 οῦσαν
1027 1407 1115 1447 τῶν
1147 1403 1381 1461 ἐπιφανῶν
1417 1404 1543 1461 παρὰ
1574 1413 1670 1455 τοῖς
1699 1401 1906 1461 Ἄραψιν,

231 1475 406 1528 μέλλειν
446 1473 493 1516 δὲ
531 1475 740 1529 γίνεσθαι
778 1472 1093 1528 παραπομπὴν
1130 1474 1209 1530 τῆς
1248 1471 1380 1529 κόρης
1420 1471 1630 1527 λαμπρὰν
1660 1474 1734 1516 καὶ
1765 1473 1906 1515 πολυ-

233 1543 350 1596 τελῆ.
412 1541 455 1585 οἱ
487 1541 534 1584 δὲ
565 1543 671 1596 περὶ
701 1536 1011 1597 τὸνἸωνάθην
1042 1542 1115 1584 καὶ
1143 1544 1326 1595 Σίμωνα
1356 1539 1511 1597 καιρὸν
1543 1539 1906 1597 ἐπιτηδειότατον

232 1609 295 1660 εἷς
335 1608 414 1668 τὴν
453 1608 646 1653 ἐκδικίαν
686 1604 912 1666 τάδελφοῦ
952 1613 1213 1663 νομίσαντες
1255 1604 1406 1659 αὐτοῖς
1450 1610 1794 1666 παραφανῆναι,
1831 1609 1904 1651 καὶ

231 1677 465 1734 λήψεσθαι
503 1676 582 1734 τὴν
620 1674 732 1732 ὗπὲρ
759 1672 962 1720 Ἰωάννου
1004 1678 1126 1734 δίκην
1157 1671 1270 1731 παρ’
1298 1671 1442 1719 αὐτῶν
1479 1675 1554 1719 ἐπὶ
1586 1677 1755 1732 πολλῆς
1785 1674 1906 1726 ἐξου-

232 1749 333 1795 σίας
363 1742 665 1800 ὗπολαβόντες
697 1744 954 1802 ἐξώρμησαν
987 1744 1049 1794 εἷς
1078 1743 1133 1787 τὰ
1166 1743 1367 1802 ῘΙῚήδαβα
1405 1745 1478 1786 καὶ
1509 1742 1612 1794 τοῦς
1643 1741 1830 1796 ἐχθροὺς
1861 1741 1905 1785 ἐν

345 1850 365 1886 ξ
394 1850 437 1880 14
461 1865 505 1876 =
534 1850 561 1880 1.
580 1846 745 1881 Maccab.
773 1845 823 1879 IX
847 1848 906 1884 45:
933 1848 952 1887 ξ
982 1847 1022 1880 18
1048 1861 1089 1873 =
1121 1849 1146 1879 l.
1166 1845 1331 1879 Maccab.
1359 1843 1410 1878 IX
1436 1846 1490 1879 37.

390 1924 676 1960 PFLAMVWE
687 1925 756 1959 Lat
770 1925 929 1960 Zonaras
954 1924 971 1958 I
996 1935 1030 1968 p.
1057 1928 1134 1958 376.

348 1986 360 2016 1
389 1979 655 2025 *διασῴζοντα
679 1981 709 2015 L
734 1978 957 2025 διασώζεται
981 1982 1117 2025 homil}-
1142 1980 1187 2020 A)
1212 1979 1333 2014 AMW
1359 1978 1475 2014 eucm't
1498 1978 1570 2012 Lat
1646 1980 1665 2012 2
1689 1976 1905 2025 ἐπιδιαβάν-

228 2053 308 2076 των
323 2038 544 2073 FLAMVW
562 2038 643 2073 fort.
657 2043 755 2072 recte
825 2035 1178 2084 *bn06t95wc41·tog]
1196 2032 1280 2073 ἀλλ’
1300 2032 1621 2082 ὑποστρέψαντοσ
1639 2034 1858 2069 FLAMVW

230 2100 250 2131 3
277 2091 486 2143 *άπέβαλε,
511 2108 539 2130 π
563 2104 606 2128 ex
630 2108 650 2129 ν
669 2104 760 2129 corr.
786 2094 817 2128 V
888 2098 908 2129 4
934 2095 1176 2139 *δισχιλίουσ]
1200 2095 1315 2139 χίλιοι
1340 2094 1376 2128 in
1401 2093 1564 2127 Maccab.
1636 2091 1702 2128 *δὲ
1727 2101 1794 2126 om.
1820 2091 1860 2126 M

229 2156 249 2187 5
275 2149 325 2189 *ὁ
351 2153 535 2198 Βακχίδης
561 2161 630 2186 om.
655 2150 721 2185 FV
789 2153 852 2187 καὶ
878 2148 955 2196 τὴν]
981 2153 1043 2186 καὶ
1070 2148 1136 2196 τήν
1161 2164 1199 2186 τε
1226 2149 1380 2184 LAMW
1461 2152 1480 2183 6
1506 2145 1701 2194 Ἀμμαοῦν]
1729 2145 1905 2192 ἐμμαοῦμ

229 2209 259 2244 F
286 2206 492 2254 άμμαθοῦν
509 2208 539 2242 L
565 2203 743 2252 α’μαθοῦν
760 2208 881 2242 AMW
906 2206 1078 2252 ἐμμαοῦν
1094 2207 1127 2242 V
1151 2205 1396 2242 amathuntem
1421 2206 1490 2241 Lat
1559 2206 1798 2249 Βαιθωροῦν]
1823 2207 1906 2251 βαι-

231 2269 380 2313 θαροῦν
405 2265 432 2300 Ρ
456 2261 668 2312 βαιθωρών
697 2261 741 2306 (ὡ
767 2275 811 2300 ex
838 2261 857 2301 ὸ
885 2275 975 2300 corr.
1001 2265 1047 2301 A)
1072 2263 1211 2298 FLAM
1235 2260 1418 2310 βεθωρὸν
1442 2263 1475 2298 V
1497 2264 1695 2310 βαίθαρον
1712 2261 1757 2294 W
1782 2259 1904 2296 betha·

229 2334 297 2359 ron
323 2323 394 2357 Lat
474 2322 635 2368 Βέθηλα]
661 2324 821 2368 βεθιλλᾶ
838 2320 865 2355 P
890 2318 1080 2367 βαιθήλλα
1107 2321 1136 2355 F
1160 2320 1328 2368 βέθηλλα
1346 2320 1376 2354 L
1400 2316 1550 2366 βήθηλα
1566 2318 1688 2354 AMW
1711 2314 1904 2365 βεθήλλαν

227 2380 261 2415 V
286 2379 461 2415 betlzelam
479 2378 550 2413 Lat
622 2375 822 2423 Θαμναθὰ]
849 2380 1005 2422 αμναθᾶ
1023 2380 1187 2418 (ανναθᾱ
1212 2380 1303 2412 teste
1328 2376 1524 2417 Herchero)
1550 2375 1578 2410 P
1604 2371 1789 2420 θάμναθα
1811 2374 1856 2408 W

231 2432 420 2481 Θαμναθὰ
445 2438 509 2471 καὶ
535 2431 722 2482 Φαραθὼ]
752 2431 937 2479 Θαμναθὰ
967 2436 1177 2480 Φαραθωνὶ
1202 2433 1318 2468 Maec.
1391 2429 1571 2480 φαραθώ,
1596 2429 1626 2467 ὠ
1652 2441 1696 2467 ex
1721 2445 1757 2468 αι
1775 2434 1839 2466 aut
1856 2443 1903 2467 αν

229 2502 320 2528 corr.
348 2492 377 2526 F
403 2487 591 2538 φαραθώ-
619 2492 653 2525 A
676 2488 842 2538 βαραθώ
868 2491 915 2526 W
938 2489 1206 2536 plzaratlzonem
1231 2489 1301 2524 Lat
1372 2493 1389 2523 7
1417 2488 1572 2533 τοχόαν,
1596 2502 1617 2525 τ
1634 2492 1670 2524 et
1691 2502 1715 2534 χ
1740 2487 1762 2523 i.
1780 2497 1852 2523 ras.
1869 2487 1904 2521 A

228 2544 381 2586 θοκόαν
404 2549 451 2584 W
478 2554 644 2584 loconam
669 2553 708 2583 ut
732 2548 803 2583 uid.
828 2547 899 2583 Lat
930 2543 1062 2594 Τεᾳών
1087 2547 1203 2582 Macc-
1283 2543 1444 2592 γάζαρα,
1469 2548 1488 2590 ζ
1512 2546 1534 2580 i.
1553 2555 1624 2580 ras.
1652 2545 1685 2579 A
1756 2543 1903 2580 οἰκοδο-

226 2607 344 2650 μίσασ
370 2605 415 2640 W
508 2608 528 2640 9
554 2602 775 2651 ώρμωμενοι
800 2604 827 2639 Ρ
924 2608 959 2639 11
990 2600 1193 2650 ὠχύρωσεν
1217 2599 1340 2649 ἄκραν
1364 2606 1409 2638 tr.
1434 2602 1464 2637 L
1562 2605 1601 2636 14
1624 2601 1703 2643 *δἐ]
1729 2596 1770 2646 δὴ
1796 2600 1855 2635 PF

230 2665 271 2698 15
297 2663 546 2709 *σαμαραίου
570 2662 598 2697 Ρ
691 2657 926 2708 άπὴγγελλεν
951 2660 983 2695 Ε
1080 2663 1120 2695 16
1145 2657 1323 2707 *γάμουσ
1348 2658 1412 2693 LV
1437 2656 1577 2705 γάμοισ
1594 2657 1623 2691 F
1718 2654 1901 2704 Ναβαθὰ]

229 2721 385 2765 βαθανᾶ
411 2718 443 2753 Ε
468 2721 627 2764 >luffa-90?
644 2718 688 2759 V,
712 2723 831 2753 utrum
848 2719 1009 2764 γαβαθᾱ
1025 2727 1072 2751 an
1091 2718 1246 2763 ναβαθᾱ
1271 2715 1426 2750 uoluerit
1443 2715 1488 2748 W
1506 2713 1659 2749 discerni
1677 2714 1810 2758 nequit,
1837 2725 1902 2749 na-

228 2774 337 2809 banza
355 2775 425 2810 Lat
443 2772 634 2816 Nada,3o'<9
660 2774 776 2810 Mace.
854 2779 889 2809 17
918 2768 1014 2811 οὖσα
1039 2775 1069 2809 L
1160 2778 1198 2809 19
1224 2770 1432 2818 *smmi-‘mm
1458 2787 1488 2808 ω
1513 2771 1535 2806 i.
1555 2781 1624 2806 ras.
1651 2770 1683 2803 A
1753 2768 1903 2817 *ἐπιτη-

227 2825 405 2867 ὁιότατον
431 2831 457 2865 Ρ
529 2834 571 2866 20
594 2834 663 2868 τοῦ
687 2827 852 2878 α’δελφοῦ
878 2832 910 2866 Ε
991 2832 1224 2875 νομίσαντες]
1251 2831 1389 2865 τοῦτον
1415 2828 1643 2871 νομίσαντεσ
1670 2827 1701 2862 Ε
1771 2823 1902 2870 αὐτοῖς

229 2907 271 2912 --
291 2891 332 2921 22
358 2884 620 2934 ὑπολαβόντες
644 2899 712 2923 om.
740 2888 772 2922 E
854 2891 1078 2935 παραφᾱναι
1102 2887 1135 2922 V
1207 2889 1245 2921 21
1274 2883 1378 2931 ὑπὲρ]
1405 2886 1490 2930 περὶ
1517 2883 1544 2918 F
1628 2885 1732 2929 δίκην
1754 2887 1758 2925 Ι
1779 2883 1899 2929 suppl.

228 2954 274 2978 m.
303 2949 321 2976 ’.Ξ
347 2944 385 2978 M
501 2941 618 2981 αὐτὸν
641 2945 689 2980 W
805 2948 847 2980 22
874 2944 919 2981 τὰ
945 2955 1012 2980 om.
1039 2943 1137 2978 FLV
1241 2944 1391 2989 μηδαβᾱ
1416 2940 1443 2975 Ρ
1467 2937 1640 2987 μηόάβαν
1664 2934 1702 2982 (ά
1726 2939 1749 2975 ἰ.
1767 2949 1838 2976 ras.
1856 2939 1902 2982 F)

228 2999 326 3035 FLV
420 2998 487 3036 *ἐν
512 3005 564 3049 τῷ
591 3000 683 3047 ὄρει]
711 3001 767 3038 εἰσ
792 3000 837 3038 τὰ
866 2999 936 3047 ὅρη
960 3000 988 3035 Ρ
1013 3001 1107 3035 inter
1131 3005 1267 3034 montes
1294 2999 1360 3033 Lat

1934 1618 1972 1652 20
