2029 3392
790 239 981 272 Praefatio.
1680 234 1723 266 1.1

830 379 854 425 ς·
886 377 948 416 12.

170 460 285 501 Ilaec
329 457 490 509 habeo,
536 468 645 509 quae
685 455 738 497 de
779 454 947 509 losephi
994 453 1210 495 codicibus
1250 452 1484 504 ceterisque
1527 450 1728 493 subsidiis

55 527 214 579 dicam,
258 540 309 569 ex
341 526 494 579 quibus
525 529 705 579 apparet
737 528 797 565 tot
835 529 1006 574 tamque
1039 522 1178 563 uarios
1210 535 1302 564 esse
1334 534 1477 562 corum
1511 523 1552 561 et
1583 519 1728 559 simili-

57 596 211 637 tudinis
242 600 284 636 et
315 593 695 647 discrepantiarum
727 591 906 643 gradus,
949 596 990 632 ut
1030 597 1103 631 aut
1144 604 1223 631 uno
1259 590 1387 653 uerbo
1429 587 1730 642 comprendere

56 667 129 706 aut
160 662 341 716 imagine
362 661 591 715 depingere
622 660 795 702 difficile
827 660 903 713 sit3
935 671 1043 711 quae
1077 659 1261 700 uarietas
1291 658 1417 699 ctiam
1451 658 1583 698 maior
1605 661 1729 708 essct,

55 730 91 772 si
124 730 191 773 uel
223 743 296 782 ea,
337 741 446 781 quae
477 727 642 770 decimo
673 728 844 769 saeculo
879 733 1149 780 supererant,
1188 730 1357 768 seruata
1396 728 1535 767 essent
1575 724 1728 774 omnia,

55 797 171 840 uelut
219 796 387 839 codices
425 796 586 848 Photii,
631 800 705 837 aut
744 796 802 848 is,
847 808 900 838 ex
943 807 1024 846 quo
1072 793 1336 836 Constantini
1375 790 1728 846 I'orpbyrogeniti

56 865 218 908 librarii
261 869 580 918 excerpserunt,
621 864 705 906 alii.
770 867 949 918 apparet
988 868 1150 917 autem,
1190 867 1349 904 tantam
1391 861 1640 902 uarietatem
1681 871 1730 900 6ο

56 933 249 976 effectam
282 946 388 986 esse,
421 931 533 984 quod
566 931 733 974 collatis
764 931 873 974 inter
903 945 949 973 se
981 931 1138 974 diuersi
1169 931 1335 984 generis
1365 927 1582 970 codicibus
1604 925 1730 967 modo

57 1001 136 1045 hoe
166 1000 292 1043 modo
323 999 429 1042 illud
461 1012 513 1041 ex
545 1000 629 1042 alio
663 999 703 1040 in
736 1000 864 1041 alium
895 1001 1146 1041 translatum
1179 1004 1254 1051 est,
1287 1011 1368 1050 quo
1400 999 1556 1038 factum
1580 999 1656 1047 est,
1688 1000 1733 1034 ut

58 1074 99 1112 et
128 1081 286 1122 genera
322 1068 674 1123 permiscerentur
704 1081 925 1120 nonaeque
966 1072 1182 1111 orerentur
1213 1066 1499 1117 recensiones,
1541 1068 1583 1104 et
1622 1062 1734 1103 bona

63 1142 105 1179 et
134 1138 299 1180 sincera
328 1135 384 1176 ad
416 1148 562 1177 omnes
592 1138 680 1178 fere
712 1135 879 1178 codices
910 1137 1177 1190 peruenirent
1206 1148 1284 1177 nec
1314 1135 1400 1176 fere
1432 1133 1541 1175 ullus
1563 1131 1628 1183 sit,
1662 1129 1733 1182 qui

57 1218 141 1248 non
171 1203 332 1259 aliquid
359 1204 482 1259 probi
513 1204 742 1246 retinuerit.
795 1209 837 1246 et
867 1204 1024 1245 multae
1052 1203 1364 1257 discrepantiae
1386 1199 1591 1243 eiusmodi
1624 1203 1733 1251 sunt,

59 1279 106 1315 ut
134 1287 216 1315 non
247 1279 335 1314 tam
368 1272 598 1314 scribarum
622 1272 845 1326 erroribus,
878 1286 1004 1327 quam
1026 1272 1244 1314 doctorum
1268 1270 1481 1313 hominum
1504 1274 1578 1310 aut
1597 1280 1734 1321 gram—

59 1341 306 1383 maticorum
346 1339 519 1382 arbitrio
560 1340 686 1381 tribui
725 1340 909 1395 possint,
948 1354 974 1382 a
1014 1340 1165 1393 quibus
1197 1338 1401 1393 Iosephus
1441 1340 1483 1378 et
1521 1336 1655 1377 lectus
1694 1338 1735 1376 et

62 1408 310 1451 emendatus
332 1412 407 1449 est.
455 1408 526 1461 qui
548 1408 591 1449 id
614 1420 780 1460 quoque
804 1412 992 1461 egerunt,
1020 1412 1064 1449 ut
1085 1408 1190 1449 alios
1212 1407 1343 1449 libros
1365 1405 1421 1447 ad
1443 1402 1734 1456 corrigendum

61 1476 336 1530 adhiberent;
364 1481 660 1529 compararunt
681 1477 791 1518 enim
815 1477 972 1518 bellum
990 1475 1206 1518 Iudaicum
1224 1477 1263 1528 ¹),
1288 1475 1537 1517 euoluerunt
1556 1471 1736 1513 fortasse

64 1544 275 1586 Aristeam
307 1557 385 1585 nec
417 1544 579 1586 litteras
612 1557 754 1586 sacras
785 1544 1114 1597 neglexerunt.2)
1174 1543 1239 1584 cui
1279 1543 1417 1585 simile
1456 1541 1497 1581 in
1527 1538 1737 1594 prioribus

64 1612 346 1654 uoluminibus
369 1611 524 1653 factum
547 1611 754 1663 uidemus,
786 1612 860 1653 ubi
881 1625 963 1654 non
984 1613 1120 1654 solum
1142 1610 1309 1653 codices
1331 1624 1486 1664 sacros,
1510 1607 1586 1650 sed
1608 1605 1736 1648 etiam

64 1679 324 1722 Herodotum
356 1677 412 1719 ad
444 1679 755 1721 emendandum
786 1678 1012 1733 Iosephum
1044 1678 1284 1721 adhibitum
1315 1692 1409 1722 esse
1440 1679 1614 1730 docui.²¹)

178 1747 269 1789 Iam
300 1745 606 1800 discrepantias
637 1748 733 1789 illas
767 1761 852 1789 non
883 1759 1029 1789 omnes
1060 1761 1143 1789 una
1173 1751 1287 1789 ortas
1319 1760 1412 1790 esse
1441 1752 1630 1802 apparet,
1663 1746 1739 1789 sed

63 1813 274 1870 gradatim
306 1818 348 1856 et
377 1813 483 1856 uitia
514 1818 555 1856 et
584 1815 940 1869 interpolamenta
969 1814 1103 1857 inlata
1133 1828 1237 1857 esse.
1290 1828 1466 1869 quorum
1499 1828 1580 1868 quo
1607 1814 1737 1867 quod-

66 1894 147 1935 que
179 1886 367 1936 tempore
398 1882 554 1924 factum
585 1882 661 1936 sit,
702 1882 933 1938 nescimus;
973 1883 1054 1925 hoc
1083 1883 1297 1936 uidemus,
1335 1897 1479 1926 eorum
1512 1896 1620 1936 quae
1652 1896 1739 1925 cor-

67 1954 205 1993 rector
234 1950 277 1991 in
307 1949 635 1993 Ambrosianum
666 1951 827 2004 intulit,
858 1949 1070 2005 quaedam
1101 1951 1298 1994 Photium
1330 1952 1485 2004 legisse
1500 1954 1552 2004 4),
1584 1949 1740 1992 deinde

66 2016 263 2060 Latinum
293 2018 566 2072 interpretem
597 2018 732 2060 uideri
764 2032 921 2072 eorum,
953 2032 1063 2072 quae
1084 2020 1119 2061 E
1150 2019 1329 2074 addidit,
1359 2033 1498 2074 pauca
1529 2019 1740 2074 quaedam

68 2085 285 2140 habuisse,
316 2086 441 2140 longe
472 2086 654 2140 plurima
683 2086 878 2138 ignorare
893 2090 936 2140 5),
967 2091 1013 2129 ut
1043 2087 1149 2130 haec
1170 2093 1266 2142 post
1287 2089 1429 2130 Latini
1451 2092 1635 2130 aetatem
1666 2086 1739 2129 ad-

68 2152 180 2197 iecta
210 2167 304 2197 esse
334 2154 559 2209 probabile
589 2154 653 2196 sit.
715 2155 852 2209 ipsam
884 2160 1026 2197 tamen
1055 2169 1257 2209 generum
1288 2155 1576 2198 diuersitatem
1607 2155 1740 2196 multo

69 2222 348 2276 antiquiorem
371 2235 463 2265 esse
488 2222 668 2265 testibus
699 2227 741 2265 et
762 2224 913 2267 Latino
945 2228 987 2266 et
1007 2224 1190 2267 Eusebio
1223 2228 1400 2279 constat,
1433 2237 1607 2276 quorum
1632 2225 1741 2264 uter-

70 2303 152 2344 que
172 2303 272 2333 usus
296 2303 390 2333 esse
410 2290 577 2332 uidetur
598 2291 706 2333 libro
729 2304 782 2333 ex
803 2296 980 2346 utroque
1003 2306 1158 2347 genere
1179 2293 1323 2336 mixto.
1365 2292 1513 2334 eodem
1537 2293 1740 2346 spectant,

70 2370 178 2412 quae
210 2357 264 2401 de
293 2358 383 2400 uita
413 2359 635 2412 explorata
663 2364 781 2414 sunt;
821 2360 928 2403 haec
960 2361 1072 2403 enim
1106 2374 1201 2403 cum
1239 2361 1538 2413 antiquitatum
1578 2356 1743 2412 corpori

70 2425 312 2481 adderetur,
344 2419 519 2470 codices*
542 2426 633 2469 eius
658 2431 699 2469 et
720 2429 958 2481 complures
980 2434 1022 2472 et
1041 2430 1149 2472 inter
1170 2442 1216 2472 se
1238 2429 1528 2483 discrepantes
1550 2425 1742 2468 extitisse

70 2492 267 2536 uidentur
305 2498 358 2550 (p.
380 2494 602 2550 XXXIV);
642 2496 761 2549 atqui
791 2496 878 2538 iam
907 2497 1117 2540 Eusebius
1149 2511 1243 2540 eam
1273 2497 1405 2539 habet
1438 2509 1531 2537 cum
1562 2492 1741 2546 antiqui-

72 2562 230 2604 tatibus
261 2562 579 2614 eoniunctamfi)
640 2577 734 2606 cum
765 2564 892 2617 igitur
917 2565 1093 2621 Iosephi
1130 2565 1262 2608 libros
1299 2564 1342 2606 in
1379 2563 1571 2606 diuersas
1600 2566 1744 2616 partes

192 2688 222 2729 1)
247 2697 282 2731 p.
300 2684 450 2728 XXXII,
476 2685 624 2721 XXXV.

187 2745 221 2785 2)
246 2754 281 2788 p.
298 2741 420 2777 XXVI
431 2753 485 2787 sq.

190 2802 222 2842 3)
246 2799 398 2844 praefat.
423 2798 495 2834 uol.
514 2799 532 2833 I
554 2811 588 2844 p.
606 2799 738 2842 XLIII,
763 2800 930 2837 XLVIII.

191 2858 224 2897 4)
249 2866 284 2900 p.
309 2855 351 2890 L.

191 2914 224 2955 5)
247 2922 282 2957 p.
307 2911 448 2947 XXVII
461 2923 526 2957 sq.,
550 2912 664 2948 XLII.

194 2969 228 3009 6)
252 2967 334 3003 hist.
361 2969 448 3004 eccl.
465 2969 520 3003 III
540 2973 624 3012 10,7
651 2966 750 3016 πρὸς
774 2972 829 3018 τῷ
853 2963 949 3006 τέλει
975 2969 1013 3005 δὲ
1038 2971 1102 3015 τῆς
1127 2969 1298 3016 εἰκοστῆς
1323 2967 1604 3019 ἀρχαιολογίας.
1645 2973 1746 3007 locus

82 3031 186 3067 quem
209 3023 297 3059 dicit
320 3028 375 3059 est
398 3025 496 3060 uitae
521 3028 541 3069 ξ
560 3028 638 3061 361.

1426 3085 1472 3118 d*
