2107 3377
288 173 371 212 274
712 173 874 218 ANTIQ.
900 173 996 209 IUD.
1019 174 1107 210 XIV
1133 177 1311 211 183—188
1337 179 1396 218 (lx.
1415 182 1443 207 5.
1459 179 1492 208 X.
1509 178 1539 219 1)

289 285 364 340 ὥς,
401 287 439 331 εἷ
470 289 541 330 καὶ
575 288 774 341 πολέμου
806 285 951 341 ῥοπὰς
979 287 1187 343 βραβεύει
1208 287 1257 331 τὸ
1280 291 1422 339 θεῖον,
1454 290 1592 332 πλέον
1614 287 1708 332 ἐστὶ
1727 291 1805 347 τῆς
1827 304 1961 346 στρα-

288 359 410 406 τείας
438 354 488 398 τὸ
524 352 687 406 ἄδικον,
721 353 789 397 διὸ
822 356 897 397 καὶ
928 352 1006 410 τὴν
1038 358 1158 412 νίκην
1187 354 1245 411 μὴ
1279 355 1424 412 πάντῃ
1456 356 1711 411 προσδοκᾶν
1741 357 1959 410 μέλλοντα

285 424 498 477 πολεμεῖν
527 423 705 477 βασιλεῖ
733 423 806 464 καὶ
839 421 1084 480 συντρόφῳ,
1115 424 1189 466 καὶ
1220 422 1366 466 πολλὰ
1397 423 1476 477 μὲν
1498 419 1842 482 εὐεργετήσαντι,
1872 442 1958 483 μη-

287 491 359 534 δὲν
399 491 446 534 δὲ
480 488 679 545 χαλεπὸν
719 485 852 532 αὐτὸν
885 488 1169 547 εἰργασμένῳ,
1201 492 1305 545 περὶ
1340 491 1386 533 δὲ
1417 486 1478 533 ὦν
1510 489 1682 546 ἐγκαλεῖ
1711 492 1785 535 διὰ
1816 508 1958 550 πονη-

286 557 390 613 ροὺς
421 557 694 612 συμβούλους
719 553 830 600 ἀλλὰ
851 557 909 613 μὴ
934 553 995 600 δι’
1023 554 1156 602 αὐτὸν
1178 555 1396 601 ὑπόνοιαν
1420 554 1539 615 αι’-τῷ
1558 561 1630 602 καὶ
1655 559 1780 602 σκιὰν
1803 559 1958 604 δυσκό-
1979 565 1998 597 5

176 630 255 670 184
287 627 364 669 λου
393 625 514 676 τινὸς
549 628 882 682 παρεσχημένῳ.
942 629 1158 669 πείθεται
1187 626 1360 677 τούτοις
1378 623 1595 709 (Ηρώδης
1624 623 1865 682 ’ὑπολαβών
1896 627 1959 679 εἷς

286 693 366 744 τὰς
405 693 592 744 ἐλπίδας
632 688 829 750 ἀποχρῆν
871 688 991 749 αὗτῳ
1038 692 1087 736 τὸ
1129 697 1203 738 καὶ
1254 693 1333 751 τὴν
1374 694 1495 749 ἰσχιν
1536 693 1857 745 ἐπιδείξασθαι
1896 699 1960 752 τῷ

287 761 411 804 ἔθνει
442 760 592 815 ιιόνον.
651 762 725 804 καὶ
754 760 809 803 τὰ
840 761 920 816 μὲν
949 760 1062 804 κατὰ
1092 760 1170 820 τὴν
1194 732 1412 805 ὛΙοιδαίαν
1443 761 1583 840 οἱῖῗτως
1615 760 1738 816 εἶχεν.

175 834 254 874 185
398 831 454 872 Χ.
489 833 525 871 1.
558 833 734 884 Καῖσαρ
767 824 807 871 δ’
836 827 982 872 ἐλθών
1015 829 1077 879 εἷς
1094 826 1293 886 Ῥώμην(
1280 829 1455 884 ε’τοιιιος
1476 828 1528 888 ἦν
1548 831 1678 874 πλεῖν
1701 825 1775 873 ἐπ
1797 825 1960 888 Ἀφρι-

284 898 362 952 κῆς
398 892 666 955 πολεμήσων
697 901 915 940 Σκιπίωνι
956 898 1030 939 καὶ
1061 896 1263 950 Κάτωνι,
1303 900 1491 953 πέμψας
1531 893 1572 940 δ’
1602 895 1806 952 Ὑρκανὸς
1844 898 1960 955 πρὸς
1990 903 2028 936 10

288 960 422 1008 αι”τὸν
461 964 703 1020 παρεκάλει
741 964 1088 1020 βεβαιώσασθαι
1126 963 1205 1022 τὴν
1244 944 1360 1021 πρὸς
1391 960 1524 1008 αῧτὲν
1555 966 1711 1022 φιλίαν
1741 969 1815 1011 καὶ
1848 982 1958 1021 συμ-

175 1037 255 1078 186
285 1036 462 1087 μαχίαν.
524 1032 671 1084 ἔδοξεν
703 1028 744 1074 δ’
772 1028 1009 1088 ἀναγκαῖον
1042 1029 1157 1074 εἶναί
1185 1048 1263 1085 μοι
1294 1028 1444 1083 πάσας
1475 1032 1698 1077 ἐκθέσθαι
1729 1033 1809 1085 τὰς
1838 1051 1959 1090 γεγε-

284 1103 472 1157 νημένας
497 1097 730 1154 Ῥωμαίοις
766 1101 840 1142 καὶ·
879 1109 973 1149 τοῖς
1014 1094 1358 1155 αὐτοκράτορσιν
1399 1095 1542 1142 αὐτῶν
1581 1100 1714 1154 τιμὰς
1744 1103 1816 1144 καὶ
1849 1116 1958 1156 συμ-

283 1172 445 1222 μαχίας
476 1167 590 1222 πρὸς
619 1166 668 1210 τὸ
703 1166 837 1217 ἔθνος
868 1165 1000 1224 ἡμῶν,
1033 1167 1107 1210 ἵνα
1128 1166 1187 1224 μὴ
1212 1166 1412 1224 λανθάνῃ
1434 1167 1537 1219 τοὺς
1560 1165 1720 1220 ἄλλους
1742 1164 1956 1222 ἅπαντας,

284 1235 354 1279 ὅτι
390 1237 462 1278 καὶ
502 1236 545 1278 οἱ
583 1238 661 1291 τῆς
690 1231 844 1285 Ἀσίας
882 1236 956 1277 καὶ
989 1234 1031 1277 οἱ
1061 1236 1139 1291 τῆς
1171 1231 1390 1293 Εὐρώπης
1419 1237 1622 1290 βασιλεῖς
1653 1235 1728 1280 διὰ
1761 1237 1959 1295 σπουδῆς
1989 1243 2027 1277 15

284 1303 410 1358 ἐ’σχον
448 1300 563 1360 ἡμᾶς
600 1303 678 1360 τήν
716 1319 765 1346 τε
804 1299 1010 1357 ἀνδρείαν
1056 1299 1179 1360 ἡμῶν
1218 1305 1291 1346 καὶ
1330 1302 1410 1361 τὴν
1448 1307 1603 1346 πίστιν
1635 1299 1956 1363 ἀγαπήσαντες.

175 1378 254 1418 187
285 1370 384 1414 ἐπεὶ
417 1371 465 1414 δὲ
494 1372 656 1414 πολλοὶ
688 1370 763 1414 διὰ
793 1369 872 1426 τὴν
903 1369 1018 1426 πρὸς
1048 1367 1164 1426 ἡμᾶς
1196 1370 1456 1425 δυσμένειαν
1488 1367 1732 1416 ἀπιστοῦσι
1752 1382 1847 1423 τοῖς
1867 1370 1956 1416 ὕπὸ

284 1442 472 1496 Περσῶν
509 1442 583 1483 καὶ
631 1438 906 1481 ,Μακεδόνων
947 1438 1347 1494 ἀναγεγραμμένοις
1387 1442 1491 1495 περὶ
1530 1437 1652 1496 ἡμῶν
1692 1441 1756 1496 τῴ
1800 1435 1954 1498 μηκέτ’

286 1503 396 1551 αἰτὰ
435 1509 663 1561 πανταχοῦ
699 1503 805 1564 ιιηδ)
839 1523 882 1549 εν
912 1515 1006 1557 τοῖς
1038 1506 1270 1564 δημοσίοις
1309 1502 1584 1551 αποκεῖσθαι
1622 1507 1802 1560 τόποις,
1845 1505 1957 1551 ἀλλὰ

174 1582 251 1623 188
283 1593 378 1631 παρ
421 1573 526 1632 ἡμῖν
556 1592 604 1618 τε
636 1570 786 1625 αἰτοῖς
815 1579 890 1618 καί
930 1590 1048 1618 τισιν
1089 1573 1241 1626 ἄλλοις
1279 1577 1366 1618 τιῦν
1396 1575 1657 1659 βαρβάρων,
1679 1574 1794 1631 πρὸς
1825 1575 1872 1619 δὲ
1901 1574 1956 1618 τὰ
1987 1584 2026 1617 20
2082 1588 2094 1626 ζ

282 1642 319 1688 ἱ·
312 1643 370 1687 τὸ
401 1641 625 1699 Ρωμαίων
665 1643 863 1699 δόγιιατα
904 1639 980 1686 οὐκ
1012 1642 1131 1686 ἐστιν
1164 1638 1411 1686 ἀντειπεῖν
1453 1643 1497 1686 ἐν
1532 1659 1580 1686 τε
1608 1642 1691 1700 γὰρ
1724 1644 1955 1701 δημοσίοις

284 1708 511 1755 ανάκειται
541 1711 702 1762 τόποις
722 1714 810 1754 τῶν
832 1711 1008 1754 πόλεων
1040 1712 1112 1754 καὶ
1135 1710 1201 1754 ε’τι
1223 1713 1296 1754 νῦν
1319 1728 1363 1754 εν
1383 1713 1447 1767 τῷ
1471 1713 1750 1768 Καπετωλίῳ
1768 1712 1953 1765 χαλκαῖς

284 1780 466 1838 στήλαις
480 1778 786 1835 ἐγγέγραπται,
805 1775 854 1822 οὗ
871 1778 956 1837 μὴν
974 1775 1086 1822 ἀλλὰ
1103 1781 1177 1822 καὶ
1195 1783 1370 1834 Καῖσαρ
1383 1775 1562 1830 Ἰούλιος
1578 1788 1672 1830 τοῖς
1689 1777 1734 1822 ἐν
1749 1774 1949 1829 Ἀλεξαν-

285 1848 410 1905 δρείᾳ
426 1843 658 1898 Ἰουδαίοις
688 1847 884 1902 ποιήσας
908 1848 1071 1905 χαλκῆν
1094 1843 1255 1903 στήλην
1277 1845 1508 1904 ἐδήλωσεν,
1541 1841 1611 1889 ὅτι
1630 1843 1953 1902 Ἀλεξανδρέων

397 1975 417 2014 g
447 1974 510 2006 183
535 1987 579 2000 =
603 1970 684 2006 ben.
710 1970 787 2007 Iud.
812 1971 830 2005 1
855 1973 932 2006 215.

396 2084 680 2119 PFLAMVWE
692 2084 761 2119 Lat
773 2085 935 2119 Zonaras
958 2084 975 2118 I
1000 2095 1034 2128 p.
1059 2087 1137 2118 407.

399 2146 414 2177 1
443 2138 579 2187 ῥωπὰσ
595 2140 691 2176 L¹W
760 2138 954 2188 βραβεύει]
979 2137 1183 2187 βραβεύειν
1199 2139 1247 2173 L²
1270 2136 1474 2186 βραβεύειν
1499 2137 1613 2175 elio-92
1631 2139 1679 2173 L²
1749 2143 1956 2187 στρατειᾶσ

282 2199 347 2234 LV
372 2202 557 2245 στρατιᾶσ
581 2197 765 2232 PFAMW
849 2200 867 2232 2
893 2195 1036 2239 ἄδικον]
1061 2197 1124 2232 PV
1149 2207 1230 2232 cum
1255 2196 1336 2232 bell.
1355 2196 1432 2231 Iud.
1460 2193 1599 2243 ἄδηλον
1622 2195 1808 2231 FLAMW
1878 2199 1955 2240 καὶ]

280 2258 344 2291 καὶ
369 2253 473 2303 πρὸσ
496 2255 525 2289 Ρ
609 2254 784 2299 μέλλοντι
808 2254 931 2289 AMW
1024 2257 1044 2288 4
1070 2249 1199 2296 αὐτὸν]
1225 2253 1282 2290 εἰσ
1307 2249 1426 2290 αὐτὸν
1448 2252 1636 2288 FLAMW
1706 2252 1957 2299 εἰργασμένον

281 2312 309 2346 Ρ
334 2309 599 2359 ἐργασάμενον
624 2311 670 2345 W
773 2309 913 2358 ἐγκαλῆ
938 2310 968 2345 F
992 2309 1172 2357 ἐγκαλοίη
1196 2310 1385 2345 LAMVW
1495 2313 1514 2343 6
1539 2309 1839 2356 παρεσχημένων
1863 2310 1910 2345 W

284 2366 303 2405 ὃ
330 2367 479 2416 ἥρω’δησ
502 2368 625 2403 AMW
719 2372 736 2402 7
765 2363 976 2414 ἀποχρῆναι
999 2367 1030 2401 F
1110 2370 1129 2402 9
1154 2369 1330 2414 *Καῖσαρ
1355 2362 1455 2405 δ’(ὁὲ
1471 2366 1516 2408 Ε)
1541 2363 1678 2408 ἐλθὼν]
1705 2362 1725 2402 ὁ
1752 2366 1790 2410 δὲ
1813 2373 1955 2413 καῖσαρ

281 2422 442 2463 διελθὼν
465 2425 611 2461 FLVW
638 2421 658 2461 ὃ
684 2424 723 2461 δὲ
747 2431 888 2471 καῖσαρ
913 2418 948 2460 δ’
965 2420 1090 2481 ἐλθὼν
1113 2425 1145 2458 Α
1237 2423 1310 2466 *εἰς
1327 2420 1483 2469 Ῥώμην]
1508 2421 1550 2459 ἐν
1575 2420 1682 2469 ῥώμῃ
1700 2423 1740 2458 Μ
1809 2425 1955 2466 *πλεῐν,

282 2501 338 2531 εῖν
362 2495 385 2529 i.
403 2504 471 2529 ras.
497 2504 542 2528 m.
569 2496 601 2529 2.
626 2493 656 2528 L
683 2490 778 2539 πλὴν
801 2493 835 2528 V
953 2496 992 2527 10
1017 2484 1198 2539 σκῆπίωνι
1216 2491 1246 2526 F
1271 2490 1443 2527 σκιπίωνι
1462 2495 1497 2525 et
1513 2491 1535 2526 i.
1555 2500 1664 2535 marg.
1683 2507 1703 2538 η
1720 2492 1754 2525 A
1771 2493 1955 2538 σκηπίωνι

281 2552 320 2587 Μ
344 2554 408 2587 καὶ
433 2552 617 2597 σκηπίωνι
642 2550 673 2584 Ε
788 2551 851 2586 καὶ
879 2548 1031 2585 Κάτωνι
1058 2570 1096 2574 -
1126 2551 1202 2591 295,
1221 2551 1240 2583 3
1268 2550 1418 2594 Καῖσαρ
1442 2548 1512 2592 μὲν
1537 2558 1605 2583 om.
1632 2548 1678 2582 W
1787 2547 1954 2594 πέμψας]

283 2605 430 2655 ἔπεμψε
455 2607 557 2642 FLM
583 2603 731 2652 ἔπεμψὲ
755 2606 786 2639 Α
880 2605 917 2642 δὲ
941 2604 1046 2652 πρὸσ
1071 2601 1190 2642 αὐτὸν
1212 2601 1382 2649 ῧρκανὸσ
1405 2610 1448 2640 tr.
1474 2603 1547 2640 ME
1642 2607 1678 2639 11
1707 2603 1953 2652 *παρεκάλει1

282 2666 517 2712 παρακαλῶν
535 2663 671 2698 FLAM
743 2665 783 2698 14
808 2659 933 2705 ἔθνος]
958 2661 1128 2709 γένοσΜ
1196 2658 1375 2697 λανθάνει
1394 2660 1453 2695 PL
1530 2665 1567 2696 15
1594 2660 1743 2701 οὶ(8111;8
1764 2663 1828 2707 τῆς
1846 2657 1955 2708 Εὗρ.)

283 2732 351 2757 om.
376 2721 443 2756 AV
468 2719 601 2756 deleuit
624 2719 664 2754 M
772 2716 941 2765 εὐρὸπησ
964 2718 993 2753 Ρ
1104 2720 1144 2754 16
1169 2713 1327 2764 ἀνδρίαν
1351 2717 1424 2752 AM
1531 2714 1638 2764 ἡμῶν
1662 2728 1732 2753 om.
1757 2716 1863 2753 LAM

285 2782 323 2813 17
349 2777 430 2815 ἐπεὶ
456 2778 551 2815 δὲ-
570 2779 647 2819 275,
664 2778 683 2810 3
711 2771 830 2812 ἔθνοσ
854 2772 962 2822 ἡμῶν
986 2786 1054 2811 om.
1074 2775 1101 2809 P
1176 2776 1215 2809 18
1239 2769 1374 2820 μηκέτ’
1400 2769 1508 2816 αὐτὰ]
1533 2771 1580 2818 μὴ
1607 2776 1670 2809 καὶ
1696 2776 1815 2810 ταῦτα
1832 2773 1862 2808 F
1886 2788 1952 2821 μη-

280 2834 358 2871 κέτι
384 2837 503 2871 ταῦτα
521 2833 627 2868 LAM
652 2844 726 2868 non
751 2831 875 2868 eadem
894 2832 964 2867 Lat
1081 2835 1120 2867 19
1145 2831 1235 2878 μηδὲ
1259 2830 1364 2865 LAM
1490 2833 1531 2865 22
1551 2833 1626 2873 νῦν]
1651 2833 1713 2866 καὶ
1741 2833 1807 2867 νῦν
1830 2830 1860 2865 L

279 2892 499 2927 καπιτωλίω
524 2895 573 2931 (ιτ
598 2900 641 2925 ex
665 2899 758 2925 corr.
782 2889 830 2932 A)
854 2889 927 2924 AM
1006 2891 1166 2935 χαλκαῖς
1191 2887 1343 2934 στήλαις
1366 2884 1632 2934 ἐγγέγραπται]
1658 2882 1753 2924 α’λλὰ
1779 2889 1843 2924 καὶ
1869 2883 1954 2933 στή·

280 2950 366 2984 λαισ
391 2942 676 2993 ἀναγέγραπται
700 2948 864 2991 χαλκαῖσ
889 2945 921 2980 V
1023 2948 1064 2979 23
1089 2947 1152 2981 καὶ
1177 2955 1246 2980 om.
1272 2943 1302 2978 F
