2107 3377
195 602 278 642 262

198 1212 280 1252 265

202 1689 284 1730 266

307 213 363 250 54
785 208 946 253 ANTIQ.
971 207 1068 243 IUD.
1092 207 1144 242 XI
1169 209 1348 242 261—266
1373 209 1431 249 (v1.
1450 210 1501 250 ιι)

307 325 428 384 οἷκίᾳ
458 324 714 382 πεπηγότα,
754 322 804 366 ὃν
836 321 912 365 ἐπὶ
942 320 1234 376 ,Μαρδοχαῖον
1264 319 1681 382 παρεσκευάκεισαν,
1719 322 1793 364 καὶ
1824 320 1976 364 πυθό-

307 410 437 450 μενος
468 392 592 449 παρά
613 407 732 441 τινος
753 392 841 432 τῶν
864 389 1055 441 οἰκετῶν,
1089 387 1163 431 ἐπὶ
1185 392 1286 431 τίνα
1307 390 1463 430 τοῦτον
1485 385 1596 442 ἦσαν
1619 387 1974 442 ἑτοιμασάμενοι,
2027 385 2034 391 ’

308 461 449 518 γνούς,
483 458 542 511 (ὗς
574 459 650 503 ἐπὶ
680 459 756 501 τὸν
788 460 864 513 τῆς
892 457 1157 513 βασιλίσσης
1187 459 1328 507 θεῖον,
1359 453 1436 497 τὸν
1466 454 1548 511 γὰρ
1573 451 1771 512 Ἀμάνην
1801 456 1976 509 μέλλειν

311 525 444 573 αὐτὸν
476 528 705 571 αἰτεῖσθαι
737 524 861 581 παρὰ
892 527 970 568 τοῦ
999 525 1221 579 βασιλέως
1250 521 1364 578 πρὸς
1385 527 1615 576 τιμωρίαν,
1647 522 1747 566 τότε
1771 523 1850 577 μὲν
1870 520 1977 579 -ἧσυ-

307 602 408 652 χίαν
438 587 552 654 ἦγεν.
612 591 672 645 ὥς
704 593 751 636 δὲ
782 590 804 636 0‘
835 591 1045 647 βασιλεὺς
1085 590 1195 646 μετὰ
1236 593 1314 634 τοῦ
1338 586 1535 644 Ἀμάνου
1575 585 1817 647 εὐωχηθεὶς
1856 585 1978 648 ἠξίου

308 664 388 721 τὴν
407 664 675 719 βασίλισσαν
697 662 836 718 λέγειν
859 656 991 716 αὐτῷ,
1014 664 1134 710 τίνος
1155 658 1362 713 βούλεται
1385 658 1555 713 δωρεᾶς
1575 667 1730 712 τυχεῖν,
1753 655 1813 708 ὦς
1835 659 1978 716 ληψο-

309 735 443 789 μένην
475 727 614 786 οἷπερ
647 723 700 773 ἂν
732 728 981 783 ἐπιθυμίαν
1013 728 1100 785 ἔχῃ,
1131 726 1208 770 τὸν
1240 728 1317 769 τοῦ
1349 727 1458 768 λαοῦ
1488 725 1687 769 κίνδυνον
1718 721 1979 781 ἀπωδύρετο

308 800 382 842 καὶ
422 797 536 854 πρὸς
577 793 805 840 ἀπώλειαν
849 796 991 852 ἔλεγεν
1029 795 1141 850 μετὰ
1173 795 1250 837 τοῦ
1282 793 1442 842 ἔθνους
1475 792 1763 846 ἐκδεδόσθαι,
1804 791 1872 837 διὸ
1905 794 1978 837 καὶ

312 869 552 910 ποιεῖσθαι
584 867 687 920 περὶ
718 864 886 907 τούτων
915 863 1017 914 τους
1050 863 1222 919 λόγους·
1255 859 1304 904 ου’·
1335 860 1417 917 γὰρ
1448 854 1501 903 ἂν
1522 856 1816 919 ἠνωχληκέναι
1848 856 1979 918 αὐτῷ,

317 934 356 978 εἰ
386 933 501 989 πρὸς
533 933 735 976 δουλείαν
757 931 920 988 πικρὰν
943 931 1163 975 ἐκέλευσεν
1186 926 1346 979 αὐτοὺς
1369 925 1773 986 ἀπεμποληθῆναι·
1803 931 1983 984 μέτριον

311 1001 394 1059 γὰρ
424 1004 554 1044 τοῦτο
590 1000 639 1044 τὸ
671 1000 825 1043 κακόν·
866 999 1105 1055 παρεκάλει
1146 1014 1193 1041 τε
1233 997 1400 1040 τούτων
1432 992 1757 1054 ἀπαλλαγῆναι.
1818 995 1982 1053 ἐρωτή-

312 1085 472 1120 σαντος
504 1069 550 1112 δὲ
581 1071 658 1112 τοῦ
687 1069 929 1124 βασιλέως,
970 1065 1055 1110 ὗπό
1098 1070 1217 1116 τίνος
1259 1065 1324 1122 ε’ίη
1364 1066 1506 1107 ταῦτα
1535 1067 1816 1122 γεγενημένα,
1847 1081 1982 1122 κατη-

311 1138 433 1195 γόρει
463 1136 512 1180 τὸ
548 1136 708 1180 λοιπὸν
739 1133 819 1192 ἤδη
854 1136 1056 1193 φανερῶς
1086 1136 1165 1176 τοῦ
1191 1130 1386 1188 Ἀμάνου
1416 1134 1487 1174 καὶ
1520 1134 1675 1175 τοῦτον
1704 1129 1812 1176 ὄντα
1842 1148 1982 1189 πονη-

313 1205 390 1261 ρὸν
413 1201 489 1248 ἐπ’
518 1201 676 1253 αυτοὶ-ς
705 1205 1065 1246 κατεσκευακέναι
1085 1201 1163 1258 την
1186 1199 1425 1256 ἐπιβουλὴν
1445 1197 1634 1256 ἤλεγχεν.
1683 1202 1984 1257 ταραχθέντος

313 1274 360 1316 δὲ
399 1272 514 1328 πρὸς
552 1274 681 1314 τοῦτο
722 1273 801 1314 τοῦ
829 1271 1051 1325 βασιλέως
1087 1271 1157 1312 καὶ
1192 1265 1561 1325 ἀναπηδήσαντος
1592 1268 1655 1319 εἷς
1685 1267 1787 1318 τοὺς
1815 1267 1984 1326 κήπους

312 1340 357 1385 ἐκ
394 1342 473 1383 τοῦ
513 1343 786 1394 συμποσίου,
828 1341 906 1394 τῆς
938 1333 1158 1393 Ἐσθήρας
1196 1333 1218 1379 ὅ
1252 1331 1449 1393 Ἀμάνης
1487 1333 1648 1393 ἤρξατο
1688 1336 1872 1380 δεῖσθαι
1909 1336 1984 1378 καὶ

312 1409 586 1465 παρακαλεῖν
632 1409 875 1463 συγγνῶναι
919 1408 1007 1448 τῶν
1054 1402 1391 1461 ἡμαρτημένων·
1437 1407 1592 1461 συνῆκε
1635 1403 1717 1460 γὰρ
1761 1399 1895 1454 αὐτὸς
1939 1402 1984 1446 ἓν

312 1486 463 1528 κακοῖς
504 1472 587 1518 ὤν·
631 1474 709 1518 ἐπί
737 1490 786 1517 τε
821 1475 898 1532 τῆς
938 1475 1086 1531 κλίνης
1125 1468 1259 1516 αι’·τοῦ
1297 1471 1515 1522 πεσόντος
1552 1473 1626 1516 καὶ
1663 1471 1742 1529 τὴν
1778 1473 1985 1527 βασίλισ-

314 1560 396 1588 σαν
442 1544 806 1600 παρακαλοῦντος
854 1540 1133 1585 ἐπεισελθιὺν
1175 1538 1197 1584 ὃ
1238 1539 1447 1596 βασιλεὺς
1491 1542 1564 1584 καὶ
1604 1539 1719 1597 πρὸς
1757 1538 1835 1596 τὴν
1874 1535 1985 1594 ὄψιν

314 1614 483 1668 μᾶλλον
515 1610 817 1668 παροξυνθεὶς
848 1607 984 1663 εἶπεν,
1016 1600 1080 1662 „03
1111 1609 1288 1652 κάκιστε
1319 1608 1514 1661 πάντων,
1546 1610 1619 1652 καὶ
1639 1607 1883 1663 βιάζεσθαί
1901 1623 1987 1662 μου

318 1680 397 1738 τὴν
427 1687 611 1737 γυναῖκα
644 1678 933 1734 ἓπιχειρεῖς;“
986 1674 1184 1732 Ἀμάνου
1225 1677 1271 1719 δὲ
1309 1675 1423 1731 πρὸς
1461 1678 1590 1719 τοῦτο
1629 1677 1988 1732 καταπλαγέντος

319 1750 392 1792 καὶ
424 1748 560 1805 μηδὲν
591 1746 656 1790 ἔτι
687 1745 981 1804 φθέγξασθαι
1013 1746 1291 1803 δυνηθέντος,
1323 1747 1394 1788 καὶ
1423 1743 1702 1800 Σαβουζάνης
1731 1741 1753 1787 0‘
1787 1739 1988 1797 εὐνοῦχος

319 1815 564 1870 παρελθών
587 1813 818 1871 κατηγόρει
839 1815 916 1856 τοῦ
941 1809 1150 1868 Ἀμάνου,
1184 1810 1244 1863 (ὃς
1275 1812 1392 1867 εἷ”ροι
1423 1811 1612 1868 σταυρὸν
1642 1811 1718 1855 ἐπὶ
1739 1813 1815 1868 τῆς
1846 1811 1989 1862 οἰκίας

432 1954 452 1993 ξ
478 1953 539 1985 261
567 1967 611 1979 =
636 1950 769 1985 Esther
786 1949 835 1984 VI
863 1953 915 1984 14.

431 2075 756 2110 PFLAVWELat
769 2074 929 2110 Zonaras
953 2073 969 2108 1
994 2084 1028 2118 p.
1057 2076 1132 2107 3215.

436 2137 449 2168 1
479 2129 813 2180 παρεσκευάκεσαν
838 2131 883 2165 W
1000 2132 1018 2163 2
1045 2131 1142 2171 τίνα]
1169 2131 1206 2166 τί
1229 2129 1408 2164 FLAVW
1525 2132 1704 2166 τοιοῦτον
1727 2128 1756 2163 F
1859 2128 1990 2176 εἷἠσαν

318 2190 433 2225 LAW
558 2192 576 2223 3
603 2186 654 2232 ὡς
678 2200 747 2224 om.
774 2188 801 2223 P
828 2191 863 2223 et
887 2190 927 2222 ut
950 2187 1021 2222 uid.
1048 2186 1118 2221 Lat
1245 2189 1263 2220 5
1291 2181 1469 2230 *εἷμαι-οὗ
1493 2185 1523 2219 F
1634 2188 1654 2220 6
1680 2187 1864 2233 *δωρεᾱς1
1890 2180 1988 2232 παρ’

320 2243 436 2283 αὐτοῦ
460 2248 609 2289 δωρεᾶσ
633 2245 747 2280 LAW
862 2246 1025 2289 *τυχεϊν1
1051 2241 1238 2289 ἐπιτυχεῖν
1262 2242 1442 2276 FLAVW
1547 2245 1566 2276 9
1594 2237 1650 2284 οὗ]
1677 2238 1761 2279 οὐδὲ
1785 2242 1899 2277 LAW

319 2300 567 2349 η’νοχληκέναι
590 2302 620 2336 F
646 2298 861 2347 ἠνώχλησεν
884 2300 998 2334 LAW
1128 2304 1164 2334 ιι)
1190 2300 1342 2335 δουλίαν
1366 2299 1393 2333 Ρ
1521 2295 1826 2346 α’πεμπολιθῆναι
1852 2298 1900 2333 L¹

326 2365 363 2396 11
391 2358 436 2396 τὸ
463 2371 531 2395 om.
558 2360 604 2394 W
739 2361 779 2393 12
805 2354 992 2404 γενόμενα
1019 2356 1050 2390 Ε
1181 2353 1413 2402 *κατηγόρει
1442 2352 1500 2396 τὸ]
1526 2361 1777 2402 κατηγορεῖτο
1803 2354 1900 2389 FLA

324 2420 363 2452 13
391 2420 459 2453 τοῦ
484 2427 551 2452 om.
577 2414 792 2450 FLAVWE
888 2417 928 2449 14
952 2412 1280 2454 κατεσκευακέναι,
1306 2426 1345 2449 τε
1371 2422 1414 2446 ex
1439 2408 1484 2447 τὰ
1511 2411 1584 2446 uid.
1609 2421 1701 2446 corr.
1719 2422 1765 2446 m.
1785 2414 1804 2446 2
1822 2412 1851 2446 L
1876 2424 1991 2448 κατα·

322 2471 503 2510 σκευάσαι
527 2472 608 2507 WE
703 2467 911 2518 *ήλὲγχθαι
937 2469 1049 2504 LAW
1154 2473 1193 2505 15
1220 2466 1321 2515 πρὸσ
1348 2466 1501 2505 wiron}
1526 2468 1556 2502 Ε
1654 2470 1692 2502 16
1716 2466 1887 2514 ἐσθῆροσ
1913 2468 1945 2503 Ε

325 2534 363 2564 17
390 2531 641 2576 ’σι-γγνῶναι]
667 2526 888 2575 συγγνώμην
913 2527 939 2561 Ρ
967 2526 1106 2561 ueniam
1133 2525 1203 2561 Lat
1332 2528 1371 2560 18
1397 2524 1460 2561 ἐπί
1486 2528 1538 2565 τε]
1565 2520 1684 2561 ἔπειτ’
1701 2523 1762 2560 ἐπὶ
1788 2524 1902 2559 LAW

322 2587 384 2623 ἐπί
418 2607 458 2611 -
488 2587 625 2632 κλίνης]
659 2583 739 2622 εἶτα
771 2583 987 2621 ἐπικλινοῦσ
1013 2583 1043 2618 Ε
1074 2585 1136 2619 καὶ
1170 2583 1230 2619 ἐπὶ
1261 2585 1325 2628 τῆς
1348 2583 1472 2627 xib-723
1496 2581 1572 2616 Zon
1710 2578 1848 2627 κλήνησ
1872 2581 1900 2616 Ρ

324 2639 480 2685 *cahos-1
507 2638 623 2688 αὕτῆσ
647 2641 760 2676 LAW
877 2643 916 2676 19
942 2638 1183 2676 *ἐπισελθών
1207 2639 1253 2673 11¹
1380 2635 1506 2683 *πρὸς
1530 2649 1598 2674 om.
1625 2637 1690 2672 FV
1806 2640 1847 2672 20
1874 2639 1957 2682 *μᾶ
1979 2655 1992 2662 -

325 2702 404 2740 λον]
438 2696 491 2735 ἔτι
523 2702 670 2743 μᾶλλον
699 2697 812 2731 LAW
950 2690 1010 2732 *ὦ
1039 2693 1193 2733 κάκιστε
1226 2693 1382 2732 πάντων
1413 2692 1495 2731 εἶπε
1526 2692 1644 2735 (εἶπεν
1676 2694 1735 2733 L¹)
1767 2696 1810 2729 tr.
1838 2694 1902 2729 LA

325 2755 522 2797 *πάι-των]
556 2752 711 2791 πάντων
736 2749 955 2800 ἀνθρώπων
978 2752 1026 2787 W
1163 2750 1375 2798 βιάζεσθαι]
1401 2751 1502 2786 codd.
1528 2751 1600 2786 Zon
1633 2748 1843 2797 βιάσασθαι
1870 2750 1902 2786 Ε

327 2815 368 2847 21
396 2807 589 2855 *α’μάνουσ
614 2812 641 2846 Ρ
735 2813 776 2845 22
801 2813 863 2846 καὶ
888 2812 983 2851 (ante
1010 2807 1270 2856 Σαβουζάνης)
1295 2819 1362 2844 om.
1382 2808 1413 2843 Ε
1485 2806 1744 2855 Σαβουζάνης]
1771 2807 1992 2855 σαβαζάνησ

328 2868 356 2903 P
382 2865 627 2914 σαβοι·χάὸασ
645 2868 781 2902 LALat
806 2862 1028 2914 ἄβουχάδασ
1046 2865 1077 2899 V
1102 2862 1344 2912 σαβαχούδησ
1361 2864 1407 2898 W
1432 2863 1608 2910 ὲρμωνᾱσ
1627 2864 1669 2903 Ε,
1696 2864 1741 2899 cf.
1761 2873 1871 2909 supra
1889 2867 1908 2906 ξ
1927 2865 1990 2899 261

330 2922 535 2971 Βουγαθάν
560 2928 595 2959 et
622 2926 794 2970 Ιίοιγαζα
820 2923 916 2968 apud
942 2921 1041 2957 LXX
1157 2924 1198 2956 23
1223 2918 1425 2968 κατηγόρει
1452 2923 1519 2957 τοῦ
1544 2916 1694 2961 α’μάνοι·
1718 2917 1924 2966 παρελθὼν
1946 2923 1991 2955 tr.

329 2982 361 3015 A
456 2976 629 3024 α’]υέιὊυσ
656 2981 681 3014 Ρ
709 2976 856 3024 α’μανοῦ
883 2979 911 3013 F
938 2975 1130 3024 εὔνοι’·χου,
1156 2979 1177 3013 i.
1199 2988 1304 3023 marg.
1332 2992 1398 3014 του
1423 2972 1572 3021 αμάνου
1597 2977 1625 3011 Ι,
