2107 3377
333 178 364 212 L
1069 181 1260 219 Praefatio.

334 310 432 335 πων
471 289 620 344 (ἀνῶ)
659 298 896 349 corruptum
937 294 1126 351 uidetur,
1165 311 1259 341 cum
1298 298 1533 353 codicibus3
1581 299 1657 343 sed
1696 304 1807 343 recte
1847 299 2007 343 ibidem

333 358 539 417 ἥσθησαν
572 363 686 406 solus
718 362 946 411 Eusebius,
976 377 1059 406 non
1089 361 1306 419 ἤρθησαν.
1359 369 1452 421 186,
1475 369 1528 409 26
1561 384 1606 409 τε
1637 382 1730 410 cum
1761 367 1855 422 ΑΕ,
1901 368 2008 410 XIX

331 443 372 485 p.
396 432 533 484 269,9
565 429 855 482 ἐνδυσάμενος
886 444 981 473 cum
1001 431 1120 486 MW;
1158 437 1206 475 14
1240 433 1390 489 φωνὰς
1420 448 1513 477 cum
1534 434 1592 485 A3
1629 436 1677 474 19
1709 433 1784 474 τὸν
1805 438 2008 488 βουβῶνα

332 498 505 553 omittit;
545 497 617 540 ἐπὶ
643 501 834 550 σχοινίου
865 497 983 547 τινὸς
1015 500 1169 542 omittit
1199 516 1292 545 cum
1314 504 1369 557 E,
1410 505 1464 544 20
1496 498 1608 544 εἶναι
1635 502 1776 543 αἴτιον
1809 503 1882 545 dat
1912 516 2007 546 cum

331 566 442 621 MW;
476 569 527 608 23
560 563 828 618 ἀναθεωρῶν
853 579 946 608 cum
968 567 1123 620 MWE;
1166 571 1260 623 270,
1283 572 1330 611 12
1363 574 1732 623 προσπίπτοντας
1764 584 1856 613 cum
1887 571 2006 626 MW;

327 634 412 676 XX
442 649 482 690 p.
507 636 671 688 292,19
705 634 814 686 ἔχειν
855 636 1009 678 omittit
1049 649 1143 678 cum
1175 637 1382 693 MWLat;
1431 640 1597 693 306,15
1630 653 1722 681 cum
1755 639 2007 682 A¹MWLat

329 702 431 745 facit
453 707 598 745 contra
614 703 674 744 Αἱ)
697 706 737 745 et
756 702 813 756 Ε,
846 705 940 756 309,
958 706 1010 746 23
1033 705 1355 759 παρειληφέναι
1378 719 1471 749 cum
1494 707 1627 749 MWE
1651 713 1692 750 et
1712 707 1887 761 Photi03
1918 707 2008 750 uita

328 784 368 825 p.
388 773 482 823 379,
502 773 554 811 :26
578 766 716 819 οὕτως
747 770 870 812 addit
893 784 986 814 cum
1009 772 1163 828 AMW;
1197 773 1275 816 sed
1295 773 1452 816 ibidem
1476 775 1778 817 sententiarum
1800 775 2005 828 ordinem,

331 851 455 892 quem
477 839 691 881 turbatum
714 851 807 880 esse
829 844 1019 894 apparet,
1043 840 1222 883 eundem
1244 841 1330 896 dat,
1353 855 1477 896 quem
1500 843 1680 885 codices.
1731 843 1853 886 uides
1878 843 2007 898 igitur

329 907 559 950 Eusebium
588 920 671 949 non
705 907 831 949 modo
867 907 976 950 bona
998 909 1209 961 quaedam
1230 910 1365 952 solum
1388 923 1582 953 seruasse
1595 910 1623 961 ¹)
1655 916 1697 952 et
1718 924 1811 953 cum
1833 911 2005 965 optimis

329 976 508 1018 testibus
539 975 791 1029 consentire,
823 974 900 1017 sed
933 976 1060 1018 etiam
1091 977 1301 1028 uitiorum,
1333 991 1442 1031 quae
1472 979 1515 1020 in
1547 977 1826 1021 deterioribus
1848 979 2004 1032 insunt,

327 1043 577 1098 participem
608 1055 701 1085 esse
715 1045 747 1093 2)
778 1047 906 1096 atque
936 1044 1044 1088 adeo
1075 1058 1186 1088 noua
1217 1045 1428 1099 quaedam
1460 1045 1632 1101 addere,
1664 1046 1902 1089 cuiusmodi
1928 1050 2005 1102 est,

328 1111 441 1166 quod
480 1110 588 1153 dem.
630 1124 780 1165 euang.
805 1110 903 1153 VIII
935 1114 972 1154 2.
996 1115 1048 1154 73
1080 1112 1323 1167 Hyrcanum
1365 1113 1629 1157 sacerdotem
1670 1115 1891 1158 Ionatham
1931 1127 2004 1170 ap-

325 1179 480 1233 pellat,
522 1177 635 1232 quod
667 1192 720 1221 ex
751 1179 936 1222 Eusebio
969 1179 1254 1235 Hieronymus
1285 1181 1487 1233 asciuit.3)
1539 1183 1664 1225 facile
1695 1183 1804 1225 enim
1834 1182 2006 1225 nomina

321 1241 518 1298 Ἰωάννης
550 1251 592 1288 et
618 1241 826 1301 Ἰωνάθης
859 1247 969 1290 inter
999 1261 1045 1291 se
1076 1251 1435 1300 commutantur.⁴)

438 1314 627 1357 Transeo
667 1315 723 1357 ad
760 1315 980 1367 Phofium,
1021 1316 1134 1371 apud
1176 1331 1300 1371 quem
1331 1317 1538 1372 Iosephus
1578 1317 1641 1359 bis
1680 1317 1741 1359 ita
1779 1321 2004 1372 excerptus

325 1387 400 1435 est,
431 1386 478 1424 ut
507 1382 656 1425 uideas
687 1397 781 1426 eum
815 1383 921 1426 duos
952 1383 1153 1427 habuisse
1184 1385 1483 1438 antiquitatum
1514 1384 1782 1428 Iudaicarum
1815 1384 2001 1440 codices;

323 1450 422 1493 uide
454 1451 564 1493 enim
597 1464 705 1504 quae
737 1451 857 1493 dedit
888 1466 940 1494 ex
972 1452 1080 1496 libro
1102 1453 1186 1495 XX
1209 1455 1289 1495 235
1320 1456 1377 1509 (p.
1401 1455 1582 1507 315,13)
1620 1454 1801 1508 primum
1833 1451 1924 1496 cod.
1947 1455 2003 1495 76

323 1533 364 1574 p.
389 1520 467 1559 52¹¹
498 1521 551 1559 26
572 1519 748 1562 Bekker
779 1521 956 1572 πρῶτος
990 1520 1036 1562 δὲ
1061 1518 1286 1574 Ἀντίοχος
1317 1520 1389 1563 καὶ
1421 1517 1444 1561 ὃ
1478 1520 1717 1575 στρατηγὸς
1748 1519 1884 1563 αὐτοῦ
1903 1525 2004 1562 Λυ-

325 1591 422 1635 σίας
455 1580 537 1640 ἀφ’
564 1581 615 1626 οὗ
637 1590 731 1636 τοῖς
750 1585 977 1637 Ἰουδαίοις
998 1582 1319 1644 ἀρχιερωσύνης
1342 1587 1542 1642 ἐγνώσθη
1566 1586 1738 1641 ἀξίωμα
1760 1587 1821 1638 εἷς
1842 1587 2002 1643 ταύτην

322 1653 400 1710 τὴν
426 1653 645 1708 τολμηρὰν
677 1659 858 1710 κατέστη
893 1655 1152 1710 ἐγχείρησιν·
1184 1654 1258 1698 τὸν
1289 1657 1370 1710 γὰρ
1389 1653 1546 1707 Ὀνίαν,
1580 1652 1616 1712 ᾧ
1638 1656 1872 1706 ,Μενέλαος
1903 1655 2002 1698 ἐπί-

322 1723 436 1777 κλην,
469 1721 547 1777 τὴν
572 1718 890 1778 ἀρχιερωσύνην
913 1722 1181 1778 ἀφελόμενοι
1203 1724 1274 1766 καὶ
1300 1721 1524 1774 ἀνελόντες
1557 1720 1649 1766 εἶτα
1671 1727 1740 1767 καὶ
1762 1724 1837 1766 τὸν
1859 1723 2002 1766 παῖδα

322 1795 399 1845 τῆς
448 1791 655 1847 διαδοχῆς
704 1788 1006 1842 ἀπελάσαντες
1050 1797 1320 1835 καθιστᾶσιν
1360 1786 1552 1843 Ἰάκιμον
1601 1796 1753 1846 γένους
1799 1793 1877 1845 μὲν
1922 1795 2001 1833 τοῦ

318 1853 568 1912 Ἀαρῶνος,
610 1853 685 1900 οὐκ
717 1857 821 1900 ὄντα
854 1859 899 1901 δὲ
931 1861 1008 1914 τῆς
1048 1859 1188 1910 οἰκίας
1226 1859 1396 1915 ταύτης.
1457 1859 1612 1903 deinde
1651 1861 1758 1904 infra
1796 1860 1888 1905 eod.
1919 1861 2014 1903 238·
2052 1899 2057 1902 .

320 1940 362 1981 p.
385 1925 506 1969 317¹&
530 1929 582 1968 39
604 1928 652 1970 B.
693 1929 869 1980 πρῶτος
909 1925 951 1968 δ’
987 1923 1114 1977 οὗτος
1151 1927 1375 1981 Ἀντίοχος
1413 1927 1482 1969 καὶ
1527 1925 1550 1968 ὃ
1590 1928 1828 1984 στρατηγὸς
1867 1927 2001 1971 αὐτοῦ

320 1998 500 2043 Λυσίας
530 1993 605 2036 τὸν
626 1991 782 2046 Ὀνίαν,
816 1991 852 2052 ᾦ
875 1997 1107 2047 Μενέλαος
1138 1996 1332 2050 ἐπίκλην,
1364 1995 1559 2038 παύουσι
1580 2001 1656 2054 τῆς
1681 1995 2001 2052 ἀρχιερωσύνης

322 2061 548 2113 ἀνελόντες
580 2060 710 2105 αὐτὸν
743 2063 785 2104 ἓν
817 2066 982 2119 Βεροίᾳ
1013 2063 1084 2106 καὶ
1125 2060 1498 2106 άντικαθιστῶσιν
1528 2061 1711 2116 Ἰάκιμον
1741 2067 1891 2117 γένους
1919 2065 1998 2118 μὲν

320 2136 397 2173 τοῦ
418 2129 640 2185 Ἀαρῶνος
672 2130 721 2172 οἰ·
743 2136 818 2186 τῆς
850 2127 982 2190 αὐτῆς
1015 2130 1057 2173 δ’
1083 2131 1235 2182 οἰκίας.
1282 2146 1392 2186 quae
1422 2132 1520 2176 ideo
1542 2133 1760 2188 exscripsi,
1790 2138 1837 2176 ut
1866 2147 1996 2190 appa-

321 2205 413 2243 reat
442 2200 641 2243 Photium
672 2205 851 2253 utroque
882 2201 975 2243 loco
1007 2201 1139 2244 uerba
1169 2201 1340 2256 Iosephi
1370 2201 1474 2244 satis
1505 2205 1701 2244 accurate
1722 2200 1903 2245 dedisse.
1955 2205 1999 2245 et

323 2269 522 2322 quoniam
552 2269 692 2324 priore
738 2270 831 2312 loco
872 2269 1005 2311 uerba
1043 2268 1117 2309 τὸν
1158 2271 1300 2310 παῖδα
1331 2270 1409 2324 τῆς
1450 2269 1655 2325 διαδοχῆς
1695 2265 1997 2319 ἀπελάσαντες

322 2350 414 2379 cum
447 2343 682 2380 correctore
713 2337 983 2380 Ambrosiani
1024 2341 1066 2379 et
1105 2338 1291 2392 epitoma
1326 2337 1547 2391 exhibeat,
1589 2339 1722 2381 altero
1761 2351 1862 2381 uero
1903 2351 1996 2381 cum

319 2405 577 2447 A¹MWLat
607 2406 814 2459 omittat,
834 2405 1027 2448 uidemus
1059 2405 1164 2449 duos
1195 2406 1234 2448 ei
1264 2406 1392 2449 fuisse
1423 2406 1592 2449 codices
1624 2405 1780 2449 diuersi
1811 2406 1995 2461 generis,

320 2485 495 2525 quorum
537 2473 590 2516 de
621 2474 756 2516 altero
794 2473 908 2528 prius
948 2474 1097 2528 refert,
1139 2472 1293 2516 deinde
1332 2473 1386 2515 de
1425 2474 1574 2517 altero.
1636 2479 1820 2517 ceterum
1862 2473 1994 2516 multo

321 2541 445 2595 plura
474 2542 633 2596 profert
664 2556 717 2584 ex
741 2541 987 2597 posteriore,
1018 2542 1060 2584 in
1082 2556 1164 2597 quo
1186 2541 1287 2584 XIV
1304 2544 1384 2583 330
1400 2554 1461 2596 sq.
1483 2542 1613 2584 fuisse
1636 2541 1829 2584 uidemus
1851 2541 1993 2589 Βαζα-

322 2607 566 2663 φαρμάνῃς.
596 2615 643 2652 ut
671 2623 781 2652 nunc
806 2614 869 2652 est
901 2610 943 2652 in
967 2610 1014 2664 E,
1046 2611 1108 2652 cui
1141 2610 1277 2653 simile
1299 2609 1402 2652 dant
1422 2610 1543 2652 FLV.
1591 2611 1826 2653 accuratius
1849 2614 1994 2653 tamen

319 2677 409 2719 eius
440 2677 631 2720 codicem
663 2678 838 2722 definire
869 2692 952 2721 non
982 2678 1112 2721 licuit.

435 2793 465 2831 1)
491 2790 646 2824 fortasse
671 2791 778 2835 igitur
803 2790 870 2825 XX
897 2794 957 2826 201
988 2794 1035 2836 (p.
1054 2794 1133 2835 310,
1148 2793 1179 2831 7)
1211 2799 1254 2824 ex
1285 2799 1327 2824 eo
1357 2789 1599 2834 recipiendum
1629 2793 1707 2823 erat
1738 2790 1800 2824 καὶ
1833 2803 1878 2826 τα
1904 2791 1990 2836 περὶ

318 2842 407 2888 τοὺς
433 2844 584 2891 νόμους.

433 2905 466 2946 2)
491 2903 591 2938 uelut
617 2915 650 2948 p.
672 2906 748 2940 269,
768 2907 820 2938 20.
955 2907 988 2946 3)
1013 2904 1194 2939 Eusebius
1220 2903 1344 2938 chron,
1369 2902 1402 2937 11
1424 2905 1485 2937 130
1500 2913 1551 2947 sq.
1580 2903 1731 2938 Schbne.

432 2963 464 3001 4)
489 2959 570 2994 uide
596 2959 677 2993 XIV
697 2963 760 2994 222
786 2968 833 3005 (p.
854 2964 930 3001 250,
951 2964 1013 2997 16».
