2107 3402
751 887 1118 943 PRAEFATIO.

208 1104 439 1159 Postquam
471 1119 580 1149 anno
613 1105 828 1160 superiore
859 1104 1017 1160 prodiit
1037 1104 1206 1159 Iosephi
1238 1105 1435 1148 uolumen
1456 1104 1527 1158 IV,
1560 1117 1668 1146 nunc
1698 1117 1764 1147 ac-

97 1170 208 1215 cedit
238 1172 434 1216 uolumen
456 1172 530 1226 III,
562 1173 603 1215 in
630 1186 711 1226 quo
743 1173 840 1215 libri
862 1172 1063 1216 Xl—XV
1083 1173 1234 1215 insunt.
1281 1172 1434 1226 quibus
1457 1186 1507 1216 ea
1529 1171 1765 1226 praemitto,

96 1252 204 1294 quae
236 1239 289 1283 de
320 1240 535 1284 codicibus
564 1241 744 1294 aliisque
775 1240 977 1284 subsidiis
1009 1240 1191 1284 dicenda
1221 1244 1336 1294 sunt,
1377 1241 1527 1294 quibus
1567 1240 1609 1282 in
1646 1239 1765 1282 libris

95 1308 298 1351 XI—XX
338 1311 379 1351 et
409 1308 497 1351 uita
529 1308 704 1352 edendis
735 1321 834 1351 usus
864 1322 969 1352 sum.
1028 1321 1127 1351 nam
1158 1321 1252 1352 cum
1285 1308 1328 1350 hi
1367 1308 1463 1350 libri
1502 1321 1586 1350 una
1624 1306 1766 1350 traditi

93 1376 189 1430 sint,
211 1376 420 1419 communi
441 1376 717 1431 praefatione,
749 1389 857 1429 quae
881 1380 921 1419 et
942 1376 996 1418 ad
1019 1376 1187 1419 tertium
1212 1379 1252 1419 et
1272 1375 1327 1417 ad
1351 1379 1544 1429 quartum
1567 1376 1764 1419 uolumen

94 1444 315 1498 pertineat,
347 1442 730 1498 comprehendendi
761 1447 868 1486 sunt.

206 1511 269 1554 Ac
299 1511 480 1565 primum
512 1510 679 1555 codices
710 1516 935 1564 ceteraque
967 1510 1164 1554 editionis
1195 1511 1472 1553 instrumenta
1509 1510 1762 1553 enumerabo

95 1579 228 1623 hisce:

125 1651 158 1689 1.
190 1647 234 1688 P
258 1666 313 1680 =
345 1644 480 1689 codex
511 1644 730 1688 Palatinus
770 1658 831 1698 gr.
864 1659 923 1688 nr.
951 1649 1000 1686 14
1041 1645 1327 1688 bibliothecae
1358 1644 1632 1695 Vaticanae1)
1673 1658 1759 1688 sae-

261 1714 353 1757 culo
384 1713 445 1755 IX
478 1713 546 1755 uel
577 1713 618 1755 X
649 1712 840 1766 scriptus,
872 1713 914 1754 in
947 1726 1029 1766 quo
1061 1711 1161 1756 olim
1192 1711 1289 1754 libri
1319 1712 1525 1754 XI—XX
1556 1726 1648 1755 cum
1677 1713 1760 1754 uita

259 1781 436 1824 inerant.
487 1780 590 1823 folia
619 1782 715 1822 sunt
743 1781 838 1830 375,
868 1780 1051 1836 paginae
1083 1779 1205 1822 binas
1236 1778 1395 1822 habent
1426 1780 1642 1822 columnas
1673 1793 1762 1822 uer-

259 1862 379 1892 suum
411 1848 660 1903 plerumque
691 1848 933 1891 uicenorum
965 1851 1233 1903 septenorum
1265 1859 1359 1889 raro
1387 1847 1629 1890 uicenorum
1652 1851 1762 1891 octo-

258 1930 417 1961 norum.
476 1915 623 1970 incipit
657 1929 766 1958 nunc
796 1916 858 1957 XI
887 1917 913 1968 ἓ
935 1918 958 1957 9
989 1930 1030 1971 p.
1055 1919 1092 1969 5,
1115 1917 1167 1956 22
1207 1928 1233 1956 a
1263 1913 1405 1957 uerbis
1443 1913 1623 1967 ζομένας
1655 1914 1764 1957 κατὰ

257 1982 308 2026 τό
330 1982 535 2034 παλαιὸν,
560 1983 715 2026 desinit
735 1984 807 2026 uit.
830 1985 856 2037 ξ
874 1985 954 2025 427
976 1998 1016 2039 p.
1036 1985 1129 2036 389,
1149 1984 1172 2024 8
1197 1985 1454 2023 κατωκυῖαν.
1499 1982 1574 2026 sed
1597 1987 1764 2037 praeter

255 2052 327 2096 fol.
349 2051 531 2107 primum
553 2056 595 2093 et
618 2051 812 2093 ultimum
836 2051 1085 2095 exciderunt
1116 2050 1219 2093 alia:
1254 2049 1362 2092 inter
1383 2049 1454 2093 fol.
1478 2052 1501 2091 6
1525 2054 1567 2093 et
1590 2053 1611 2090 7
1635 2064 1760 2093 unum

257 2120 312 2162 ab
342 2133 383 2174 p.
405 2122 469 2174 16,
493 2123 515 2161 5
547 2120 588 2171 (ξ
610 2120 680 2169 61)
708 2117 1027 2173 (οἷκο)ῥὸομίαν
1049 2119 1125 2160 τοῦ
1158 2117 1274 2170 ἱεροῦ
1306 2141 1360 2146 -
1390 2131 1429 2172 p.
1457 2119 1520 2172 17,
1544 2120 1595 2159 20
1626 2119 1668 2170 (ἓ
1692 2120 1760 2168 71)

255 2186 378 2241 γένος
409 2183 543 2241 εἶχον,
581 2200 709 2229 unum
739 2191 836 2241 post
872 2187 944 2230 fol.
975 2188 1028 2228 22
1059 2200 1097 2241 p.
1121 2189 1187 2240 45,
1210 2189 1234 2226 4
1267 2187 1380 2237 (214)
1412 2183 1636 2239 (smyyyei)
1656 2186 1759 2226 λατο

258 2252 473 2307 μυριάδας
511 2279 566 2285 -
596 2257 732 2308 46,18
763 2256 877 2306 (222)
910 2252 1090 2304 πάντες,
1124 2267 1252 2296 unum
1282 2257 1378 2309 post
1407 2253 1477 2296 fol.
1500 2255 1552 2294 27
1584 2267 1623 2307 p.
1647 2257 1712 2306 55,
1737 2254 1759 2294 8

257 2324 372 2375 (268)
408 2319 735 2376 (κο)ξλάσαντος
774 2346 826 2352 -
869 2325 934 2376 56,
957 2323 1010 2362 22
1042 2322 1156 2373 (276)
1198 2319 1340 2373 ὄψεις.
1410 2320 1564 2363 deinde
1603 2319 1760 2363 interiit

255 2391 363 2434 liber
383 2391 526 2434 XVIII
556 2394 667 2434 totus
697 2394 867 2445 praeter
888 2394 1136 2444 argumenta
1158 2393 1200 2432 et
1220 2388 1318 2431 libri
1338 2389 1443 2430 XIX
1465 2392 1506 2430 et
1526 2388 1622 2430 XX.
1672 2388 1760 2430 uita

257 2463 374 2502 extat
410 2464 578 2514 praeter
614 2457 739 2500 finem
779 2463 820 2500 et
860 2459 1007 2501 folium
1046 2470 1173 2500 unum
1213 2456 1400 2500 excisum
1440 2459 1535 2510 post
1574 2455 1645 2498 fol.
1679 2457 1758 2497 369

256 2529 310 2582 (p.
332 2528 433 2582 382,
464 2528 516 2568 20
557 2524 603 2568 δὲ
644 2525 801 2568 πολλοὶ
844 2549 897 2554 —-
938 2528 1032 2579 383,
1055 2527 1106 2566 30
1149 2519 1281 2565 αἰτοῖ·
1319 2522 1397 2579 τὴν
1437 2524 1757 2577 μυηαθψιάν).

245 2599 476 2650 ,praeterea
513 2594 556 2636 in
587 2594 674 2636 uita
704 2607 832 2637 unum
862 2593 1010 2635 folium
1046 2592 1139 2635 loco
1181 2596 1341 2635 motum
1381 2595 1465 2644 est,
1507 2603 1605 2632 nam
1646 2591 1758 2643 quod

255 2675 365 2706 nunc
395 2666 459 2705 est
488 2662 560 2705 fol.
583 2664 661 2703 371
695 2661 804 2704 inter
834 2662 910 2702 361
937 2664 979 2702 et
1000 2661 1080 2702 362
1112 2658 1213 2702 olim
1245 2658 1395 2702 extitit.
1444 2658 1486 2700 in
1517 2657 1606 2700 uita
1635 2657 1755 2700 folio-

255 2744 346 2773 rum
377 2729 598 2773 duodecim
631 2731 866 2782 358-361,
900 2731 993 2781 371,
1027 2729 1121 2781 362,
1154 2729 1248 2780 363,
1281 2726 1503 2768 365—369
1536 2725 1757 2768 columnae

258 2801 458 2841 externae
503 2797 646 2840 excisa
691 2801 755 2839 est
798 2809 897 2851 pars
942 2795 1155 2850 superior,
1200 2793 1342 2837 deleta
1387 2797 1537 2847 postea
1578 2792 1758 2835 restituit

206 2932 237 2971 1)
261 2930 344 2966 uide
362 2930 578 2966 bibliotheca
596 2930 796 2975 apostolica
813 2929 1001 2964 VatICana.
1041 2927 1183 2963 codices
1204 2926 1438 2971 manuscripti
1454 2926 1610 2961 Palatini
1626 2926 1756 2970 graeci.

91 2985 145 3020 ed.
172 2985 365 3021 stevenson
392 2987 509 3022 senior
533 2997 568 3031 p.
589 2989 620 3022 8.

1435 3039 1482 3072 a*
