2107 3377
257 1258 308 1296 76

339 186 389 224 18
778 187 940 232 ANTIQ.
965 188 1063 225 IUD.
1087 188 1140 223 XI
1166 191 1299 224 72—76
1324 192 1386 232 (ιιι.
1403 196 1452 222 ιο.
1470 194 1515 223 ιν.
1535 192 1564 233 ι)

336 302 621 356 τακισχιλίων
659 305 928 356 τριακοσίων
965 302 1340 357 τριακονταεπτά,
1373 303 1545 359 ψάλται
1588 304 1635 347 δὲ
1672 305 1745 347 καὶ
1787 303 2007 361 ψάλτριαι

339 369 562 413 διακόσιοι
591 372 1067 425 τεσσαρακονταπέντε,
1098 370 1288 428 κάμηλοι
1316 371 1600 427 τετρακόσιαι
1621 375 2005 427 τριακονταπέντε,
2037 390 2042 395 ·

337 435 554 493 ὑποζύγια
592 438 930 491 πεντακισχίλια
968 438 1241 482 πεντακόσια
1279 437 1566 482 εικοσιπέντε.
1634 437 1805 497 ἡγεμών
1845 439 1893 483 δὲ
1928 442 2007 499 τῆς

336 508 726 587 xa-‘zvjptssptmoe'vqg
764 504 970 563 πληθύος
1007 504 1059 564 ἠν
1099 502 1121 549 ὅ
1155 506 1442 562 Σαλαθιήλου
1478 516 1588 558 παῖς
1618 506 1980 565 Ζοροβάβηλος’
1961 524 2008 551 εκ

336 574 424 616 τῶν
456 572 564 615 υἱῶν
595 566 656 614 ὢν
685 575 774 615 τῶν
794 572 994 616 Δαυίδου
1024 572 1212 629 γεγονώς
1233 572 1278 616 ἐκ
1297 576 1376 630 τῆς
1400 570 1542 617 Ιούδα
1564 576 1718 632 φυλῆς,
1749 576 1823 618 καὶ
1843 571 2010 633 Ἰησοῦς
2036 582 2056 617 5

338 639 433 690 υἱὸς
463 635 713 683 Ἰωσεδέκου
751 643 829 684 τοῦ
868 636 1116 697 ἀρχιερέως.
1175 640 1291 697 πρὸς
1327 641 1503 693 τούτοις
1541 639 1563 685 ὅ
1605 643 1898 699 ΙΠαρδοχαῖος
1932 644 2009 688 καὶ

338 711 575 762 Σερεβαῖος
605 706 651 750 ἐκ
679 710 758 751 τοῦ
787 707 994 767 πλήθους
1024 712 1270 764 κεκριμένοι
1301 706 1505 764 ἄρχοντες
1534 701 1658 768 ἦσαν,
1699 712 1744 753 οἳ
1777 711 1851 753 καὶ
1883 724 2008 753 συνε-

337 775 528 830 βάλοντο
559 777 671 830 μνᾶς
700 775 780 830 μὲν
807 780 990 833 χρυσίου
1021 775 1175 820 ἑκατὸν
1208 773 1397 834 ἀργύρου
1429 778 1476 821 δὲ
1499 779 1873 831 πεντακισχιλίας.
1934 793 2009 820 ου-

337 859 425 894 τως
454 843 534 898 μὲν
565 842 641 886 οὑν
673 843 719 887 οἵ
746 860 794 887 τε
826 844 971 924 ἱερεῖς
985 846 1058 888 καὶ
1092 845 1134 888 οἱ
1164 851 1360 889 Λευῖται
1389 847 1464 889 καὶ
1493 849 1626 901 μέρος
1655 863 1698 888 τι
1727 847 1808 888 τοῦ
1839 843 2010 895 παντὸς

340 912 448 954 λαοῦ
478 913 565 954 τῶν
589 906 828 964 Ἰουδαίων
869 929 918 963 ος
947 910 999 968 ἠν
1030 929 1075 955 εν
1104 915 1158 970 τῇ
1191 915 1445 968 Βαβυλῶνι,
1484 916 1830 971 κατῳκίσθησαν
1861 912 1925 962 εἷς
1952 911 2010 954 τὰ
2038 920 2079 958 10

333 975 636 1034 Ἱεροσόλιμα·
668 978 717 1022 τὸ
751 980 798 1023 δὲ
820 976 928 1022 ἄλλο
951 981 1131 1036 πλῆθος
1153 980 1216 1031 εἷς
1235 980 1318 1031 τὰς
1339 981 1457 1032 ἰδίας
1479 976 1751 1038 ἀνεχώρησεν
1772 979 2010 1036 πατρίδας.

452 1048 527 1091 IV.
562 1053 596 1090 1.
639 1045 835 1104 Ἑβδόμῳ
881 1047 929 1091 δὲ
972 1049 1075 1105 μηνὶ
1111 1050 1188 1104 τῆς
1227 1044 1317 1092 ἀπὸ
1360 1050 1627 1104 Βαβυλῶνος
1674 1044 1818 1091 αὐτῶν
1857 1047 2011 1099 ἐξόδου

340 1117 710 1194 περιπέμψαντες
749 1111 775 1158 ὅ
812 1132 861 1158 τε
900 1111 1124 1171 ἀρχιερεὺς
1149 1112 1316 1173 Ἰησοῦς
1353 1119 1428 1160 καὶ
1459 1116 1773 1175 Ζοροβάβηλος
1811 1113 1834 1159 o‘
1869 1112 2012 1171 ἄρχων

339 1199 443 1233 τους
482 1178 572 1225 ἀπὸ
613 1185 690 1239 τῆς
728 1182 874 1238 χώρας
915 1183 1156 1239 συνήγαγον
1196 1183 1258 1233 εἰς
1293 1180 1573 1239 Ἱεροσόλυιια
1615 1184 1839 1241 πανδημεὶ
1876 1183 2012 1241 μηδὲν

340 1254 602 1306 προθτμίας
624 1246 940 1302 ἀπολιπόντες,
970 1249 1295 1293 κατεσκεύασάν
1324 1267 1372 1293 τε
1400 1251 1726 1310 θυσιαστήριον
1757 1247 1831 1309 ἐφ’
1858 1247 1908 1295 οὗ
1939 1253 2014 1296 καὶ

340 1317 558 1374 πρότερον
588 1316 640 1376 ἠν
670 1313 1007 1375 ῳκοδομημένον
1037 1317 1202 1370 τόπου,
1242 1313 1368 1369 ὅπως
1397 1317 1478 1369 τὰς
1509 1323 1722 1374 νομίιιους
1753 1315 2014 1376 ἀναφέρωσι

340 1389 506 1436 θυσίας
536 1382 610 1428 επ)
635 1381 769 1429 αυτοῦ
799 1388 862 1442 τιῦ
893 1387 990 1442 θεῶ
1020 1384 1132 1428 κατὰ
1162 1385 1265 1437 τοὺς
1295 1389 1530 1438 ΖΠωυσέως
1561 1387 1734 1442 νόμους.
1793 1389 1935 1430 ταῦτα
1965 1387 2014 1431 δὲ

340 1456 575 1504 ποιοῦντες
614 1452 690 1496 οὐκ
726 1444 840 1510 ἦσαν
879 1452 923 1497 ἐν
961 1450 1099 1511 ἡδονῇ
1137 1463 1231 1505 τοῖς
1272 1458 1569 1510 προσχωρίοις
1611 1454 1791 1499 ἔθνεσιν
1831 1455 2014 1499 πάντων

453 1604 539 1646 §72
564 1619 607 1631 =
635 1607 663 1637 1.
682 1602 776 1637 Esra
798 1602 832 1638 V
849 1606 905 1638 41.

455 1715 733 1751 PFLAOVWE
744 1715 814 1750 Lat
830 1715 990 1750 Zonaras
1016 1714 1032 1748 I
1055 1725 1091 1760 p.
1120 1718 1197 1749 313.

459 1776 471 1807 1
502 1772 744 1818 τριακοσίαισ
769 1771 797 1806 Ο
823 1765 1036 1817 τριακόσιοι
1053 1770 1134 1805 WE
1228 1769 1580 1817 *τριακονταεπτά1
1605 1771 1756 1807 XXXV
1771 1772 1842 1807 Lat
1859 1777 1900 1807 ut
1917 1782 2014 1808 nunc

341 1832 397 1863 est
478 1825 650 1874 *ψάλται
675 1847 718 1852 -—
744 1830 762 1862 2
789 1827 1109 1874 τριακονταπέντε
1134 1830 1217 1862 ante
1241 1829 1260 1870 ἓ
1287 1830 1329 1862 69
1354 1831 1494 1871 ponunt
1520 1828 1622 1864 codd.
1648 1829 1770 1864 Latini
1866 1832 1885 1864 2
1911 1830 2015 1876 *ᾔε-

340 1885 372 1919 V
464 1881 679 1920 *διακόσιαι
705 1884 816 1919 ΡΑὈ
917 1886 1009 1919 *καὶ
1034 1883 1439 1929 τεσσαρακονταπέντε
1464 1885 1528 1920 ΑΟ
1630 1883 1817 1932 *κάμηλοι
1842 1906 1886 1912 -
1911 1900 2012 1933 τρια-

339 1941 588 1985 κονταπέντε]
621 1951 689 1976 om.
715 1941 763 1975 W
878 1932 990 1978 {sev
1099 1937 1356 1986 τετρακόσιαι]
1382 1939 1594 1986 τριακόσιοι
1621 1941 1650 1977 Ο
1676 1938 1918 1988 τετρακόσιοι
1937 1943 1968 1978 Ε

341 1997 704 2045 *τριακονταπέντε1
729 1997 842 2032 XXX
854 1997 926 2033 Lat
951 2002 991 2032 ut
1015 2007 1111 2032 nune
1128 2002 1182 2032 est
1251 1999 1270 2032 3
1296 1992 1492 2043 ὑποζύγια]
1518 1994 1701 2044 ὑποζύγια
1726 1998 1765 2035 δὲ
1788 1998 1967 2034 LAOWE

341 2068 435 2106 εφκε
460 2055 492 2089 V
585 2051 847 2090 *πεντακόσια
872 2065 941 2089 om.
959 2054 989 2089 L
1084 2057 1104 2088 4
1131 2049 1151 2089 ὁ
1179 2063 1246 2089 om.
1272 2053 1304 2087 E
1397 2049 1670 2100 *σαλαθηήλου
1694 2053 1724 2088 L
1819 2054 2012 2103 *ζοροβά-

341 2116 461 2161 βελοσ
484 2111 549 2146 FV
574 2108 846 2157 ζοροβάβυλοσ
870 2110 899 2145 Ο
1040 2113 1058 2145 5
1084 2108 1174 2146 υἱῶν
1198 2106 1264 2151 ὢν]
1290 2108 1438 2146 υἱωνιῦν
1467 2111 1530 2151 (ita
1554 2113 1596 2145 ut
1619 2125 1649 2146 ω
1673 2111 1775 2155 prius
1800 2121 1843 2146 ex
1868 2124 1888 2148 ο
1915 2123 2009 2148 corr.

341 2170 507 2205 uideatur
531 2168 588 2210 ΡΞ)
613 2167 737 2202 P²VW
762 2166 852 2203 υἱῶν
875 2166 973 2202 FOE
1044 2168 1141 2203 *τοῦ
1165 2167 1314 2202 δαυίδου
1338 2166 1418 2200 LXV
1502 2168 1689 2214 *δαβίδου
1714 2166 1743 2203 O
1824 2171 1844 2203 6
1869 2165 1963 2211 υἱὸς]
1991 2164 2013 2205 ὃ

344 2224 428 2263 νὲὸσ
451 2225 532 2260 WE
626 2220 877 2265 *’[ωσεδέκοι·]
904 2223 1058 2260 σεδέκου
1083 2222 1112 2258 O
1223 2225 1319 2259 *τοῦ
1344 2218 1562 2270 ἀρχιερέως]
1583 2224 1760 2271 princeps
1783 2224 2013 2260 sacerdotum

343 2285 413 2319 Lat
485 2279 520 2324 ὃ]
545 2281 583 2318 δὲ
606 2283 669 2317 καὶ
694 2280 874 2315 LAOWE
969 2284 986 2314 Ἰ
1015 2283 1232 2327 σερεβαῖοσ,
1259 2286 1347 2315 αῖοσ
1371 2281 1392 2314 i.
1412 2290 1482 2314 ras,
1501 2280 1534 2313 A
1560 2279 1746 2326 σερεβὲοσ
1771 2280 1799 2315 Ρ
1825 2281 2013 2329 σερέβεοσ

345 2340 423 2376 WE
448 2339 614 2375 serebeus
638 2337 709 2372 Lat
799 2337 1027 2384 κεκριμένοι]
1052 2340 1129 2372 τῶν
1152 2336 1385 2383 κεκριμένων
1405 2336 1465 2371 ΑΟ
1490 2336 1740 2383 κεκρυμμένοι
1765 2336 1796 2371 F
1820 2337 2012 2383 κεχρισμέ-

344 2411 401 2434 vot
427 2396 508 2431 WE
603 2389 804 2440 αρχόντων
829 2394 893 2429 AO
1000 2393 1035 2430 οἳ
1062 2414 1101 2418 -—
1132 2396 1151 2428 S
1176 2394 1482 2438 πεντακισχιλίας
1506 2404 1575 2429 om.
1602 2393 1630 2428 Ο
1731 2391 2012 2441 συνεβάλλοντο

344 2455 423 2489 L¹V
496 2456 515 2487 8
538 2454 683 2499 χρυσοῦ
706 2450 788 2484 AW
862 2464 878 2486 ε
903 2450 936 2485 V
1008 2443 1141 2492 οὕτως]
1168 2443 1268 2486 οὕτω
1293 2449 1406 2484 AVW
1432 2455 1467 2484 et
1492 2460 1535 2484 ex
1555 2461 1646 2485 corr.
1666 2449 1696 2483 L
1721 2448 1763 2485 ἐν
1787 2447 1911 2486 τούτω
1937 2450 1967 2486 Ο

344 2515 363 2545 9
390 2523 427 2546 οι
451 2512 534 2544 ante
559 2513 713 2545 1ευῖται
738 2518 807 2543 om.
833 2507 980 2542 AOVW
1102 2509 1165 2543 καὶ
1190 2516 1258 2541 om.
1284 2505 1344 2540 PF
1465 2511 1503 2540 10
1531 2503 1585 2549 ὃς]
1612 2501 1707 2543 ὅσον
1731 2506 1797 2542 AV
1823 2500 1910 2543 ὅσοι
1934 2506 2014 2542 OW

343 2569 620 2613 τμιαηιαῳαιε)
638 2565 708 2599 Lat
776 2559 821 2610 ἧι
837 2575 906 2599 om.
926 2563 1004 2598 OW
1073 2564 1362 2611 μετῳκίσθησαν
1378 2561 1499 2598 Naber
1573 2566 1609 2598 11
1637 2558 2014 2609 αἰεχιιὶρησανΡῩἛΓ

343 2620 582 2669 ἀνεχώρησε·
611 2621 640 2655 L
667 2616 885 2667 ἀνεχώρησε
910 2619 1006 2655 FAO
1077 2620 1146 2654 huc
1171 2629 1284 2664 usque
1309 2619 1460 2654 collatus
1487 2619 1515 2654 O
1590 2622 1628 2655 13
1655 2615 1863 2666 ἀρχιερεὺς]
1889 2614 2014 2666 α’ρχιε-

347 2677 435 2726 ρεὺσ
461 2675 585 2715 αὐτῶν
608 2678 641 2713 V
710 2673 1025 2724 *Ζοροβάβηλος1
1051 2673 1321 2723 ζοροβάβελοσ
1345 2676 1407 2710 Fv
1436 2673 1455 2711 ὁ
1481 2673 1753 2723 ζοροβάβηλοσ
1778 2675 1824 2709 W
1895 2673 1916 2712 ὸ
1942 2687 2011 2713 om.

345 2737 403 2771 PF
478 2740 517 2771 14
544 2732 752 2780 συνήγαγεν
768 2733 814 2767 Ὧν
885 2733 978 2775 *εἰςῙ
1004 2732 1060 2769 εἰσ
1085 2730 1130 2769 τὰ
1149 2732 1262 2767 LAW
1333 2734 1492 2779 πανιῖημὶ
1512 2732 1538 2766 Ρ
1614 2735 1652 2766 15
1678 2727 1961 2769 α’πολειπόντεσ
1984 2732 2012 2768 Ρ

345 2789 616 2833 α’πολιπόντεσ,
642 2807 653 2826 ι
676 2792 699 2825 i.
719 2800 789 2825 ras.
808 2792 840 2825 A
865 2785 1153 2827 α’πολειπόντασ
1178 2788 1257 2823 FW
1338 2785 1623 2825 κατεσκεύασάν
1651 2791 1700 2829 τε]
1726 2790 1788 2823 καὶ
1814 2785 2013 2826 κατεσκεὺ·

346 2863 444 2887 cmm·
478 2849 540 2883 LA
572 2845 930 2884 κατασκευάσαντεσ
960 2846 992 2881 V
1022 2848 1085 2881 καὶ
1114 2844 1473 2882 κατασκευάσαντεσ
1502 2845 1579 2879 WE
1616 2851 1651 2880 et
1683 2850 1722 2878 ut
1753 2843 1827 2880 uid.
1854 2845 1923 2880 Lat

349 2910 387 2942 16
415 2900 520 2946 ὅπως
544 2916 611 2939 om.
639 2905 683 2937 W
779 2900 1010 2950 α’ναᾳέρωσι,
1036 2918 1065 2939 ω
1092 2913 1133 2937 ex
1153 2916 1196 2938 οι·
1214 2913 1306 2937 corr.
1332 2903 1361 2937 L
1386 2901 1590 2948 ἐπιφέρωσι
1619 2903 1647 2935 Α
1674 2899 1894 2947 ἐπιφέρουσι
1921 2901 1966 2936 W

348 2969 385 3002 Γ.
413 2962 575 3006 Ιιιωσιίιισ
601 2968 668 2998 (om
694 2971 735 2995 ex
762 2974 808 2995 οσ
834 2971 925 2995 corr.
953 2961 995 3001 F)
1020 2959 1084 2994 FV
1178 2956 1424 3004 προσχώροισ
1450 2958 1479 2992 V
