2107 3377
173 511 253 553 327

173 781 251 823 328

172 1117 252 1159 329

171 1388 252 1429 330

173 1728 251 1770 331

284 189 366 227 212
720 189 882 235 ANTIQ.
908 190 1006 226 IUD.
1030 190 1118 226 XIII
1144 193 1318 227 326—331
1347 196 1461 235 (xu.2.
1478 195 1510 236 3)

283 302 456 353 Ζώιλος
486 300 509 346 ὁ
532 302 608 346 τὸν
629 302 888 358 Στράτωνος
918 302 1086 361 πύργον
1114 304 1388 363 κατεσχηκὼς
1419 304 1595 364 [παρῆν]
1627 306 1700 349 καὶ
1729 305 1785 349 τὰ
1813 309 1953 363 Δῶρα

285 369 510 426 σύνταγμα
549 373 724 428 τρέφων
764 370 1081 427 στρατιωτικὸν
1117 374 1192 417 καὶ
1229 374 1455 429 τυραννίδι
1494 372 1730 428 ἐπιχειρῶν
1768 373 1844 417 διὰ
1873 373 1952 432 τὴν

283 439 371 480 τῶν
409 439 629 493 βασιλέων
669 437 784 493 πρὸς
822 433 1036 497 ἀλλήλους
1077 434 1268 495 ἅμιλλαν
1308 441 1442 497 μικρὰ
1486 449 1581 492 τοῖς
1621 441 1952 496 Πτολεμαιεῦσι

283 505 586 563 παρεβοήθει·
621 501 721 548 οὐδὲ
741 504 822 562 γὰρ
845 506 888 549 οἱ
908 508 1109 561 βασιλεῖς
1130 503 1270 559 οἱῗτως
1302 507 1416 563 εἶχον
1448 509 1621 558 οἰκείως
1642 506 1757 563 πρὸς
1779 504 1950 562 αὐτούς,

283 567 391 616 ὥστ’
417 573 600 617 ἐλπίσαι
629 572 730 617 τινὰ
760 569 871 629 παρ’
898 570 1041 617 αὐτῶν
1063 570 1295 633 ὠφέλειαν.
1337 575 1536 632 ἑκάτεροι
1566 575 1649 632 γὰρ
1676 572 1838 619 ταύτὸν
1857 585 1953 627 τοῖς

284 636 505 698 ἇθληταῖς
536 640 743 695 ἔπασχον,
783 644 827 685 οἳ
856 644 911 699 ‘cy‘
941 642 1125 697 δυνάμει
1154 644 1234 698 μὲν
1266 639 1615 701 ἀπηγορευκότες
1646 642 1954 699 αἰσχυνόμενοι

284 707 332 750 δὲ
368 711 693 767 παραχωρῆσαι
732 709 953 753 διετέλουν
994 709 1126 769 ἀργίᾳ
1163 713 1236 755 καὶ
1277 707 1526 755 ἀναπαύσει
1559 711 1847 767 διαφέροντες
1874 710 1953 756 τὸν

284 771 447 831 ἆγῶνα.
499 775 634 834 λοιπὴ
666 772 707 819 δ’
735 772 886 828 αὐτοῖς
916 777 1044 829 ἐλπὶς
1073 777 1126 836 ἦν
1155 775 1179 836 ἡ
1212 778 1337 834 παρὰ
1367 781 1454 821 τῶν
1475 778 1713 835 Αἰγύπτου
1733 780 1954 834 βασιλέων

282 844 355 886 καὶ
385 845 465 886 τοῦ
496 843 680 900 Κύπρον
718 845 892 898 ἔχοντος
922 847 1207 900 Πτολεμαίου
1247 849 1325 889 τοῦ
1354 847 1627 903 Λαθούρου,
1667 846 1717 897 ὃς
1755 844 1844 891 ὑπὸ
1877 849 1954 905 τῆς

281 910 448 969 μητρὸς
484 912 780 966 Κλεοπάτρας
823 915 900 970 τῆς
939 911 1071 971 ἀρχῆς
1111 912 1311 956 ἐκπεσών
1348 913 1411 964 εἰς
1448 914 1632 967 Κύπρον
1672 917 1953 971 παρεγένετο.

284 982 547 1035 πέμψαντες
585 972 660 1024 οὖν
692 981 808 1036 πρὸς
845 983 1000 1023 τοῦτον
1042 981 1084 1023 οἳ
1115 981 1414 1035 Πτολεμαιεῖς
1452 981 1731 1038 παρεκάλουν
1762 981 1956 1026 ἐλθόντα

284 1046 512 1102 σύμμαχον
541 1047 587 1091 ἐκ
614 1051 701 1091 τῶν
728 1044 1018 1102 Ἀλεξάνδρου
1045 1051 1204 1103 χειρῶν
1237 1044 1395 1099 αὖτοὺς
1427 1049 1656 1106 ῥύσασθαι
1683 1049 1956 1093 κινδυνεύον-

282 1132 376 1166 τας.
437 1115 776 1159 ἐπελπισάντων
807 1111 849 1158 δ’
878 1110 1010 1157 αὐτὸν
1040 1117 1128 1157 τῶν
1150 1119 1394 1171 πρέσβεων,
1426 1113 1486 1167 (ὃς
1518 1115 1678 1172 διαβὰς
1708 1116 1772 1167 εἷς
1792 1120 1956 1171 Συρίαν

284 1182 371 1233 ἕξει
402 1183 618 1235 Γαζαίους
658 1185 932 1233 συνεστῶτας
969 1181 1082 1237 μετὰ
1121 1188 1208 1226 τῶν
1243 1185 1539 1239 Πτολεμαιῶν
1568 1185 1643 1227 καὶ
1673 1183 1859 1237 Ζώιλον,
1891 1183 1957 1228 ἔτι

281 1266 329 1306 γε
358 1250 444 1307 μὴν
474 1251 716 1301 Σιδωνίους
745 1252 818 1294 καὶ
840 1249 1035 1300 πολλοὺς
1057 1247 1217 1302 ἄλλους
1249 1247 1369 1307 αὐτῷ
1390 1251 1707 1308 συλλήψεσθαι
1728 1251 1956 1308 λεγόντων,
2008 1261 2023 1269 ·

283 1317 505 1375 ἐπαρθεὶς
534 1317 649 1375 πρὸς
678 1317 755 1361 τὸν
787 1318 976 1361 ἔκπλουν
1007 1318 1234 1362 ἔσπευδεν.

398 1390 436 1430 3.
477 1382 544 1430 Ἕν
581 1386 724 1443 τούτῳ
773 1386 820 1429 δὲ
860 1384 964 1436 τοὺς
1002 1387 1291 1441 Πτολεμαιᾶς
1329 1390 1607 1444 Δημαίνετος
1652 1386 1852 1437 πιθανός
1895 1379 1958 1430 ὢν

283 1450 435 1504 αὐτοῖς
473 1454 575 1497 τότε
612 1455 684 1497 καὶ
725 1453 996 1511 δημαγωγῶν
1034 1455 1373 1509 μεταβαλέσθαι
1411 1453 1492 1506 τὰς
1527 1454 1703 1512 γνώμας
1738 1453 1957 1513 ἐποίησεν,

284 1518 464 1576 άμεινον
496 1520 611 1566 εἶναι
643 1521 790 1580 φήσας
821 1518 896 1564 ἐπ’
924 1519 1072 1580 ἀδήλῳ
1099 1524 1164 1578 τῷ
1183 1525 1459 1579 γενησομένῳ
1483 1522 1823 1566 διακινδυνεύειν
1843 1521 1959 1577 πρὸς

281 1588 386 1640 τοὺς
410 1585 652 1640 Ἰουδαίους
687 1591 856 1645 μᾶλλον
896 1583 924 1646 ἢ
965 1589 1163 1648 φανερὰν
1195 1589 1487 1640 εἰσδέξασθαι
1527 1591 1730 1634 δουλείαν
1761 1589 1956 1648 δεσπότῃ

282 1657 569 1714 παραδόντας
601 1655 780 1710 αὑτούς,
819 1660 891 1701 καὶ
932 1659 1047 1714 πρὸς
1075 1658 1217 1715 τούτῳ
1247 1657 1306 1716 μὴ
1337 1657 1414 1702 τὸν
1444 1654 1649 1712 παρόντα
1677 1658 1814 1713 μόνον
1844 1658 1956 1712 ἔχειν

286 1725 497 1781 πόλεμον,
530 1722 643 1768 ἀλλὰ
674 1726 747 1768 καὶ
778 1725 894 1768 πολὺ
925 1726 1060 1780 μείζω
1090 1725 1167 1770 τὸν
1190 1721 1274 1768 ἀπ’
1299 1725 1552 1782 Αἰγύπτου.
1601 1725 1680 1784 τὴν
1709 1724 1793 1781 γὰρ
1814 1726 1955 1769 Κλεο-

284 1793 460 1849 πάτραν
499 1789 548 1836 οῧ
589 1793 903 1850 περιόψεσθαι
942 1793 1127 1848 δύναμιν
1167 1789 1286 1850 αὐτῷ
1323 1793 1753 1848 κατασκευαζόμενον
1783 1794 1956 1836 Πτολε·

284 1870 418 1915 μαῖον
449 1861 494 1904 ἐκ
523 1861 745 1917 γειτόνων,
786 1856 886 1903 ἀλλ’
912 1861 1032 1919 ἥξειν
1064 1857 1140 1904 ἐπ’
1168 1857 1327 1912 αὐτοὺς
1357 1860 1466 1915 μετὰ
1497 1860 1689 1918 μεγάλης
1721 1863 1954 1917 στρατιᾶς·

401 2007 730 2043 PFLAMWELat

400 2067 415 2099 1
442 2061 591 2110 ζώηλοσ
615 2064 674 2098 PL
701 2062 842 2108 ζωίλοσ
864 2063 1004 2099 LAME
1073 2066 1136 2100 καὶ
1161 2061 1207 2100 τὰ
1233 2066 1336 2110 δῶρα
1362 2066 1487 2110 παρῆν
1511 2067 1556 2098 tr.
1582 2063 1735 2098 LAMW
1806 2063 1958 2110 *παρῆν

283 2130 351 2155 om.
377 2120 449 2154 Lat
471 2122 570 2155 recte
594 2123 634 2156 ut
658 2121 731 2156 uid.
840 2117 886 2157 τὰ
914 2123 1042 2167 Δῶρα]
1068 2116 1135 2166 τὴν
1161 2117 1288 2167 δώραν
1311 2119 1351 2154 Μ
1376 2125 1411 2155 et
1434 2121 1456 2156 i.
1483 2129 1593 2164 marg.
1620 2120 1652 2154 A
1746 2122 1766 2154 2
1791 2119 1956 2167 τρέφων]

283 2176 412 2222 φέρων
428 2175 468 2211 Μ
538 2179 557 2211 3
583 2183 665 2220 τοῖς
689 2188 757 2213 om.
776 2177 803 2212 P
875 2179 1121 2221 πτολεμεεῦσι
1139 2177 1166 2211 P
1192 2178 1418 2220 πτολεμεῦσι
1443 2176 1472 2210 F
1499 2179 1751 2221 πτολεμαεῦσι
1768 2175 1956 2230 &AMWE

283 2259 304 2289 4
330 2255 485 2292 οἰκείωσ
509 2253 614 2302 εἶχον
637 2259 682 2292 tr.
709 2255 770 2291 FL
887 2260 906 2291 5
933 2249 1033 2293 ὥστε
1057 2255 1179 2290 AMW
1295 2251 1410 2291 ταύτὸ
1436 2254 1623 2290 FLAMW
1732 2259 1752 2291 6
1777 2235 1958 2303 ἕθληταῖσ

283 2311 314 2345 L
409 2314 429 2346 8
454 2309 574 2359 λυπρή
599 2314 635 2348 et
657 2312 680 2347 i.
705 2322 818 2358 marg.
844 2309 955 2360 λοιπὴ
978 2312 1008 2347 F
1124 2312 1162 2349 δὲ
1186 2312 1307 2346 AMW
1425 2307 1543 2357 αὖτῆσ
1567 2312 1598 2346 L
1690 2310 1710 2359 ἡ
1737 2311 1842 2360 παρὰ
1866 2333 1900 2338 -—
1936 2317 1956 2349 9

285 2366 507 2415 Λαθούρου]
532 2370 570 2404 in
585 2380 671 2415 reqe
694 2370 950 2416 aeyyptiorum
968 2369 1154 2415 ptolomeo
1174 2368 1319 2415 latlaeyro
1338 2368 1408 2403 Lat
1477 2372 1497 2402 9
1514 2365 1685 2415 κύπτρον
1702 2369 1748 2403 W
1818 2366 1958 2406 *20:902

287 2438 356 2470 ρου
380 2426 426 2460 W
451 2425 598 2472 lathyro
623 2426 694 2461 Lat
799 2429 843 2460 10
868 2425 1134 2472 *παραγένετο
1162 2425 1207 2460 W
1320 2428 1353 2458 11
1385 2427 1618 2468 πτολεμαεῖσ
1641 2425 1796 2460 LAMW
1822 2429 1958 2464 πτολε-

283 2488 391 2527 μαῖοι
416 2482 445 2516 P
543 2485 579 2517 13
607 2482 644 2519 δὲ
669 2482 790 2517 AMW
884 2477 1013 2525 αὐτὸν]
1040 2477 1143 2518 αὐτῶ
1167 2480 1321 2516 LAMW
1414 2481 1477 2523 εἰς]
1503 2482 1560 2517 εἰσ
1586 2478 1652 2528 τὴν
1675 2481 1706 2516 L
1782 2479 1858 2528 ἔχει
1882 2482 1911 2517 Ρ

286 2542 328 2573 14
353 2541 430 2575 τῶν
454 2540 699 2582 πτολεμαίων
723 2538 782 2573 PF
808 2541 878 2575 τοῦ
902 2539 1138 2583 πτολεμαιόυ
1155 2537 1308 2572 LAMW
1402 2537 1539 2581 ζωϊλον
1562 2538 1625 2572 FA
1698 2542 1738 2574 15
1763 2540 1959 2576 σιδονίουσ

284 2595 312 2630 Ρ
395 2595 533 2639 ἄλλους
557 2592 673 2645 αὐτῷ]
698 2589 778 2640 ἅμα
803 2590 930 2632 αὐτῶν
955 2594 986 2629 F
1082 2597 1121 2629 16
1147 2590 1257 2641 πρὸς]
1283 2590 1330 2630 τὰ
1357 2592 1458 2639 προσ
1484 2593 1672 2629 LAMWE
1760 2599 1797 2629 17
1825 2599 1959 2633 πτολε-

283 2654 406 2697 μαίασ
431 2653 458 2688 Ρ
483 2657 716 2697 πτολεμαεῑσ
740 2651 961 2708 ΕΒᾼΜῩΝΕ
1076 2651 1344 2697 *δημαίνετοσ,
1369 2649 1408 2685 αἱ
1431 2651 1455 2685 i.
1483 2661 1552 2685 ras.
1577 2661 1622 2685 m.
1650 2653 1669 2685 2
1694 2651 1728 2684 A
1752 2651 1958 2697 δημένετοσ

284 2731 344 2766 PF
348 2732 395 2767 W
464 2729 560 2777 *ὠ“ν]
585 2726 630 2778 ἦν
654 2731 776 2766 AMW
797 2713 846 2778 (ἕν
870 2731 900 2765 L
998 2733 1036 2765 18
1062 2727 1399 2777 *μεταβάλλεσθαι
1424 2729 1520 2764 A¹W
1591 2727 1783 2776 ἐποίησεν]
1808 2727 1958 2768 ἔπεισεν

285 2788 440 2823 AMWE
463 2789 648 2835 persuasit
671 2788 743 2823 Lat
815 2791 855 2823 19
881 2784 1076 2832 *ἆμεινων
1100 2787 1128 2822 Ρ
1220 2788 1304 2823 *τῶ
1328 2786 1562 2833 γεγενημὲνω
1587 2785 1614 2820 P
1686 2785 1959 2825 *διακινδυνεύ-

287 2857 367 2881 σειν
391 2845 451 2880 PF
567 2848 609 2880 20
636 2844 916 2888 *εἰσδέξασθαι1
941 2842 1179 2887 ἐνδείξασθαι
1204 2843 1264 2879 PF
1380 2840 1586 2879 δεσπόταισ
1611 2842 1642 2876 Ε
1748 2845 1787 2879 21
1816 2840 1959 2881 αὖτούσ

286 2900 505 2936 PFLMWE
576 2905 690 2938 τοῦτο
716 2901 795 2935 F¹L
891 2904 932 2935 22
957 2902 1021 2937 καὶ
1045 2911 1113 2936 om.
1140 2900 1187 2935 W
1280 2896 1362 2942 τὸν]
1388 2901 1466 2936 τῶν
1489 2899 1588 2933 A¹W
1658 2901 1700 2933 23
1724 2913 1959 2937 κατασκευα-

287 2956 449 3003 ζομένην
472 2957 625 2993 LAMW
696 2960 938 3002 Πτολεμαῖον
963 2968 1030 2993 om.
1055 2956 1177 2992 AMW
1271 2959 1313 2991 24
1337 2954 1379 2992 ἐκ
1403 2966 1447 2991 ex
1470 2954 1511 2991 ἐν
1536 2965 1628 2991 corr.
1655 2954 1684 2989 F
