2107 3402
863 173 1052 209 Praefatio.
1740 171 1788 205 XI

297 299 390 337 sunt
420 290 686 335 collationem
717 287 894 343 adeptus
925 302 1029 341 sum,
1070 302 1120 331 ex
1162 301 1245 341 qua
1283 288 1387 330 infra
1418 290 1641 342 proferam,
1682 303 1788 342 quae

296 361 351 405 ad
382 358 564 403 indolem
605 358 886 409 uirtutemque
928 355 1048 398 huius
1090 356 1184 398 libri
1222 354 1535 408 cognoscendas
1567 356 1786 400 sufficiant.

157 437 194 474 11,
229 430 266 471 [ι’
289 447 343 463 =
364 427 498 470 codex
519 426 675 478 Regius
702 424 982 467 bibliothecae
1005 423 1221 465 l’arisinae
1245 424 1457 471 maximae
1479 423 1586 466 inter
1615 437 1789 479 graccos

297 510 354 538 nr.
392 497 494 535 1123
529 492 872 535 membranaceus
902 491 1071 534 saeculo
1104 492 1190 534 fere
1212 491 1308 533 XIV
1339 492 1518 546 scriptus
1550 505 1575 534 a
1604 492 1790 535 librario.

298 563 366 616 qui
398 575 478 604 non
510 574 603 604 raro
645 560 905 616 compendiis
937 559 1168 614 scripturae
1201 559 1338 601 utitur.
1405 560 1591 603 continet
1620 560 1791 614 Iosephi

300 631 454 673 bellum
476 629 692 671 Iudaicum
717 635 757 673 et
779 629 908 671 uitam
932 627 1113 681 losephi,
1137 640 1316 680 quacum
1338 627 1431 670 sola
1452 628 1573 670 nobis
1594 641 1703 671 nunc
1727 642 1791 671 res

296 703 371 742 est.
432 698 473 739 in
506 697 621 739 calce
653 696 706 737 ab
739 708 801 748 co,
834 693 905 746 qui
932 694 1119 738 codicem
1152 695 1331 749 scripsit,
1363 695 1566 739 adnotata
1586 699 1683 738 sunt
1708 698 1791 738 fere

296 766 400 808 haec
424 763 810 818 uixintellcgenda:
833 762 953 805 κὲόκε
974 762 1065 812 (οὐκ
1089 761 1271 814 ἐὀικενῬ)
1296 758 1396 816 ἡμῖν
1414 760 1550 818 (ἡμῶν
1562 764 1598 816 Ῥ)
1618 781 1639 804 *
1661 769 1748 806 θαυ
1770 782 1789 803 f

297 848 428 875 αστον
452 837 511 873 zu]
535 828 754 885 ὀνομασου
775 830 779 887 Ι
798 828 916 885 πάσι]
949 835 1051 885 τιμῆ
1086 827 1153 872 ὅτι
1181 846 1201 869 >e
1222 830 1393 885 πήρθεν
1418 840 1492 884 γϊμ
1513 847 1533 871 *
1556 851 1576 871 ar
1600 849 1620 872 *
1640 833 1792 876 deinde

295 902 380 944 alia
403 914 544 943 manu:
572 899 733 941 ἐτούτω
760 900 821 941 τῶ
837 902 1013 953 χαρτίον
1033 898 1116 950 ἔχει
1135 899 1243 952 φίλα
1263 898 1413 940 ἑκατὸν
1433 899 1686 954 ἐνενήκοντα
1704 900 1793 942 δύο.

137 976 194 1013 lo.
226 969 359 1013 codex
383 970 619 1012 Marcianus
650 980 710 1021 gr.
734 970 814 1010 380
847 967 1031 1010 continet
1061 967 1356 1020 antiquitatum
1380 967 1642 1011 Iudaicarum
1667 969 1794 1012 libros

300 1038 446 1091 uiginti
487 1050 579 1079 eum
619 1036 718 1078 uita.
779 1036 958 1090 scriptus
990 1039 1053 1078 est
1091 1049 1200 1078 311110
1239 1049 1279 1090 p.
1303 1034 1397 1078 Chr.
1438 1038 1540 1077 1469
1571 1037 1731 1079 Romae
1771 1051 1794 1078 a

299 1105 482 1158 Georgio
530 1103 749 1147 sacerdote
791 1104 906 1146 iussu
946 1104 1209 1147 Bessarionis
1246 1103 1494 1157 cardinalis,
1543 1109 1588 1147 ut
1627 1104 1716 1147 dixi
1755 1106 1795 1147 in

298 1174 559 1228 praefatione
590 1173 670 1215 uol.
695 1172 712 1213 1
734 1185 773 1226 p.
796 1172 909 1214 XVI.

136 1246 196 1284 11.
230 1241 363 1285 codex
397 1241 699 1283 Escorialensis
731 1253 789 1283 nr.
814 1243 894 1282 304
929 1240 1109 1295 scriptus
1141 1238 1254 1293 apud
1285 1240 1468 1283 Venetos
1499 1254 1607 1283 anno
1638 1254 1676 1295 p.
1701 1240 1795 1284 Chr.

306 1309 465 1362 15121)
497 1308 594 1350 uide
626 1308 707 1350 uol.
730 1308 749 1349 I
771 1308 899 1362 praef.
931 1322 968 1362 p.
993 1308 1127 1349 XVII.

141 1379 198 1419 12.
231 1378 366 1420 codex
397 1376 609 1419 Parisinus
640 1376 922 1419 bibliothecae
954 1375 1166 1417 maximae
1197 1388 1256 1429 gr.
1279 1389 1340 1418 nr.
1371 1378 1523 1430 14202)
1553 1375 1797 1419 chartaceus

302 1445 472 1488 saeculo
502 1444 581 1485 XV
612 1449 684 1485 aut
713 1443 813 1485 XVI
845 1448 1043 1486 exaratus
1072 1444 1208 1486 forma
1231 1442 1460 1496 quadratus
1490 1444 1685 1487 foliorum
1717 1446 1797 1485 263

303 1513 486 1556 continet
524 1511 820 1564 antiquitatum
852 1511 1119 1553 Iudaicarum
1158 1511 1288 1553 libros
1319 1512 1523 1554 XI—XX
1564 1525 1657 1554 cum
1697 1512 1798 1554 uita.

303 1580 536 1634 descriptus
558 1583 695 1621 estex
719 1579 951 1632 exemplari
983 1579 1203 1633 lacunoso;
1234 1592 1331 1621 nam
1363 1593 1445 1622 non
1476 1580 1612 1622 solum
1643 1580 1684 1621 in
1717 1579 1800 1623 fine

302 1648 397 1690 libri
427 1647 505 1688 XV
537 1646 645 1688 inter
676 1646 837 1688 litteras
868 1646 1007 1700 spatia
1039 1650 1185 1688 extant
1215 1660 1370 1700 uacua,
1410 1647 1486 1690 sed
1520 1648 1646 1690 etiam
1677 1660 1797 1701 argu-

302 1720 535 1756 mentorum
567 1715 661 1756 libri
694 1714 794 1756 XVI
825 1714 965 1768 capita
996 1714 1206 1766 quaedam
1237 1715 1392 1757 omissa
1422 1719 1518 1758 sunt
1549 1720 1590 1758 et
1620 1716 1660 1757 in
1695 1716 1799 1758 libro

303 1782 404 1824 XVI
429 1788 470 1825 et
499 1781 619 1823 XVII
651 1786 693 1824 et
723 1783 906 1825 maxime
936 1783 978 1824 in
1010 1782 1123 1824 uitae
1153 1786 1273 1837 parte
1303 1783 1535 1836 posteriore
1566 1784 1801 1838 complures

302 1851 479 1893 lacunae
507 1849 719 1892 indicatae
750 1855 857 1893 sunt.

142 1921 200 1961 13.
232 1917 367 1962 codex
400 1917 685 1961 bibliothecae
715 1918 858 1971 regiae
888 1917 1174 1960 Berolinensis
1212 1930 1310 1960 mss.
1341 1932 1401 1973 gr.
1434 1919 1504 1960 fol.
1536 1921 1602 1971 27,
1636 1918 1689 1960 de
1721 1931 1801 1971 quo

304 1986 413 2029 dixit
442 1986 678 2029 Immanuel
709 1985 883 2028 Bekker
913 1986 955 2027 in
987 1986 1093 2028 actis
1134 1985 1358 2028 menstruis
1399 1985 1646 2029 academiae
1676 1987 1802 2028 Bero-

304 2054 477 2097 linensis
509 2054 608 2096 anni
640 2055 745 2095 1860
768 2067 808 2108 p.
832 2056 912 2094 224
936 2066 1011 2107 sq„
1042 2054 1290 2097 chartaceus
1319 2057 1382 2096 est
1412 2055 1582 2097 saeculo
1615 2054 1702 2096 fere
1726 2054 1803 2095 XV

306 2126 506 2164 exaratus
538 2122 733 2164 foliorum
763 2124 830 2176 72,
863 2121 906 2163 111
934 2122 1124 2176 margine
1161 2122 1320 2176 passim
1350 2121 1514 2164 scholia
1545 2126 1702 2165 extant.
1761 2127 1805 2164 ut

305 2204 414 2233 nunc
445 2192 529 2242 est,
570 2189 772 2233 maiorem
803 2189 868 2232 sui
898 2193 1062 2245 partem
1093 2190 1254 2244 amisit;
1294 2203 1391 2232 nam
1423 2189 1527 2232 haec
1558 2194 1804 2244 supersunt:

305 2258 406 2300 XIV
435 2271 474 2312 p.
499 2258 594 2311 322,
630 2259 678 2299 13
727 2256 771 2299 ἐκ
808 2260 970 2310 Συρίας
1010 2282 1064 2286 ——
1101 2271 1140 2312 p.
1171 2260 1265 2312 325,
1296 2260 1318 2298 5
1361 2257 1597 2309 λουομένου
1639 2256 1682 2298 ἐν
1721 2257 1803 2311 trgi,

304 2326 382 2369 XV
413 2340 452 2381 p.
476 2327 570 2379 383,
604 2328 628 2366 4
660 2318 792 2366 αὐτὸν
831 2322 1083 2381 ἀναιρήσειν
1115 2349 1169 2354 -
1198 2339 1240 2381 p.
1265 2327 1359 2380 398,
1386 2329 1431 2366 11
1468 2323 1542 2366 ἐπὶ
1574 2323 1801 2366 θάλατταν

307 2396 602 2447 προπέμψας,
640 2393 741 2435 XVI
770 2406 810 2447 p.
836 2395 900 2447 16,
924 2395 947 2435 8
989 2391 1148 2446 ρακίων
1190 2393 1348 2443 ἐξεῖναι
1388 2416 1442 2421 -
1480 2407 1519 2448 p.
1551 2393 1694 2446 95,12
1734 2390 1806 2432 ἵνα

307 2459 365 2518 μὴ
388 2456 526 2516 κᾶγ(ὺ;
564 2475 604 2516 p.
638 2462 730 2514 121,
757 2463 780 2500 2
811 2463 880 2501 καὶ
915 2460 969 2502 τὰ
1004 2465 1120 2516 τείχη
1142 2484 1197 2491 -
1231 2463 1322 2515 125,
1352 2463 1398 2501 12
1430 2459 1633 2513 ἕκαυσαν;
1665 2460 1807 2502 XVIII

308 2544 348 2585 p.
367 2532 458 2583 167,
486 2531 532 2570 13
557 2525 768 2583 ἀφορμῶν
790 2552 844 2557 —-
866 2529 970 2571 XIX
985 2543 1023 2584 p.
1042 2532 1136 2583 251,
1162 2533 1211 2571 15
1230 2529 1354 2582 τύχην
1375 2527 1476 2577 τούς
1498 2544 1570 2588 τε.Δ
1598 2527 1806 2581 quaterni—

310 2612 435 2641 onum
473 2597 658 2640 numeris
699 2597 949 2650 computatis
988 2595 1229 2652 apparuit3)
1270 2597 1370 2639 olim
1406 2602 1632 2649 antequam
1673 2594 1808 2638 codex

257 2723 289 2764 1)
312 2722 352 2756 ut
375 2722 530 2755 testatur
551 2719 594 2754 E.
613 2718 745 2763 Miller,
774 2720 962 2763 catalogue
988 2719 1050 2755 des
1067 2719 1282 2754 manuscrits
1307 2728 1409 2763 grecs
1435 2718 1478 2753 de
1503 2718 1538 2753 13
1563 2716 1807 2761 bibliotheque

145 2777 187 2811 de
209 2776 416 2813 l'Escurial.
454 2776 556 2811 Paris
577 2778 674 2811 1848.
699 2787 734 2820 p.
751 2778 815 2810 266
830 2786 882 2820 sq.

254 2835 286 2876 2)
311 2833 393 2868 olim
417 2843 470 2868 nr.
491 2835 555 2868 574
572 2835 608 2867 et
625 2835 725 2868 2255.

257 2891 289 2927 3)
313 2889 351 2923 111
368 2889 602 2933 quaternione
617 2888 732 2931 XXX,
752 2889 812 2934 qui
828 2888 954 2933 incipit
968 2888 1028 2923 fol.
1047 2890 1102 2931 43,
1126 2887 1249 2922 insunt
1265 2887 1336 2923 uol.
1354 2887 1405 2923 IV
1418 2898 1454 2932 p.
1472 2890 1545 2931 167,
1563 2889 1602 2922 13
1621 2883 1810 2932 ἀφορμῶν

147 2963 189 2968 -
212 2946 284 2987 183,
299 2947 339 2979 27
365 2941 524 2992 πατρὸς,
549 2945 643 2981 unde
667 2945 710 2981 de
735 2946 868 2981 codicis
893 2944 1027 2979 ambitu
1050 2943 1164 2979 facilis
1190 2946 1245 2979 est
1268 2943 1486 2980 coniectura.
