2107 3377
189 430 268 469 401

187 1108 270 1148 403

187 1516 269 1555 404

187 1854 268 1894 405

303 175 383 214 142
761 175 923 221 ANTIQ.
947 176 1043 212 IUD.
1067 176 1138 212 ΧΠ
1161 179 1340 213 400—405
1365 181 1454 219 (ω.
1471 180 1504 219 4)

300 289 378 334 τὸν
405 287 621 344 ’Ἀλκιμος
660 284 854 343 ἆντέχειν
891 291 955 345 τιῦ
987 285 1130 333 Ἰουδα
1173 289 1233 346 μὴ
1275 290 1535 345 δυνάμενον,
1582 285 1681 333 ἀλλ’
1717 288 1966 349 ηττώμενον

303 353 437 401 αυτοῦ
466 360 543 414 τῆς
575 355 741 410 ἰσχύος,
775 356 851 400 ἐπὶ
879 355 959 413 τὴν
990 357 1113 414 παρὰ
1143 362 1400 415 Δημητρίου
1430 361 1509 401 τοῦ
1537 360 1758 414 βασιλέως
1793 374 1968 414 συμμα-

299 429 400 479 χίαν
431 424 540 478 ε’γνω
571 427 844 479 τραπέσθαι.
904 425 1263 482 παραγενόμενος
1302 424 1378 468 οὖν
1418 425 1481 476 εἷς
1509 421 1781 480 Ἀντιόχειαν
1811 426 1968 484 παρώ-

303 494 424 545 ξυνεν
456 489 588 536 αί-τὸν
620 491 695 535 ἐπὶ
725 491 802 535 τὸν
828 488 1008 545 Ἰούδαν,
1047 496 1299 551 κατηγορῶν
1338 490 1398 544 (ὃς
1436 492 1583 536 πολλοὶ
1614 494 1693 548 μὲν
1724 490 1804 537 ὑπ’
1832 490 1968 538 αὐτοῦ

301 560 533 604 πεπόνθοι
564 559 695 611 κακά,
736 561 880 604 πλείω
920 560 967 604 δὲ
1004 558 1165 617 γένοιτ’
1194 558 1259 613 ἂν,
1300 561 1338 604 εἰ
1369 560 1428 620 μὴ
1462 563 1865 620 προκαταληφθείη
1894 563 1969 606 καὶ

303 629 400 686 δοίη
434 629 555 685 δίκην
587 627 862 682 δυνάμεως’
844 623 920 671 επ’
948 623 1081 672 αὐτὸν
1112 629 1292 711 ισχυρᾶς
1323 625 1667 687 ἀποσταλείσης.

416 701 455 739 4.
484 693 531 740 ‘O
553 695 600 738 δὲ
619 695 875 753 Δημητριος
903 692 1026 740 τοῦτ’
1050 694 1131 754 ἤδη
1163 698 1237 740 καὶ
1257 706 1352 748 τοῖς
1383 696 1516 746 ἰδίοις
1547 691 1683 740 αυτοῦ
1711 695 1968 753 πράγμασιν

301 763 551 821 ἐπισφαλὲς
581 760 854 821 ἡγησάμενος
883 762 999 808 εἶναι
1027 764 1076 808 τὸ
1111 764 1329 819 περιιδεῖν
1354 761 1522 809 ’[ουδαν
1552 780 1597 808 εν
1628 763 1746 818 ἰσχύι
1774 763 1967 822 τοσαύτῃ

299 831 546 888 γενόμενον,
587 830 806 887 ἐκπέμπει
836 832 1066 887 Νικάνορα
1102 832 1181 876 τὸν
1220 828 1510 876 εὐνούστατον
1552 827 1671 888 αὐτῷ
1699 834 1774 876 καὶ
1805 831 1968 876 πιστό-

299 915 433 942 τατον
463 901 552 942 τῶν
583 900 741 956 φίλων,
775 896 901 950 οὗτος
930 900 1012 956 γάρ
1045 899 1164 943 ἐστιν
1194 897 1218 943 ὅ
1239 901 1311 943 καὶ
1336 895 1426 943 ἀπὸ
1450 901 1528 956 τῆς
1545 897 1768 954 Ῥωμαίων
1792 898 1969 950 πόλεως

302 962 421 1024 cci-”595
461 966 714 1023 συμφυγών,
753 969 825 1011 καὶ
868 967 971 1018 δοὺς
1008 967 1193 1022 δύναμιν
1223 962 1330 1025 ὅσην
1361 965 1582 1022 ὑπέλαβεν
1614 963 1814 1024 ἀρκέσειν
1844 963 1969 1024 αὗτῷ

300 1034 416 1090 πρὸς
446 1034 524 1078 τὸν
548 1031 716 1078 Ἰούδαν
747 1036 968 1078 ἐκέλευσεν
997 1035 1217 1092 μηδεμίαν
1249 1036 1390 1093 φειδώ
1424 1038 1665 1079 ποιεῖσθαι
1694 1037 1773 1079 τοῦ
1794 1034 1968 1086 ἔθνους.

301 1101 324 1147 0‘
359 1104 406 1147 δὲ
438 1103 646 1157 Νικάνωρ
677 1103 1035 1159 παραγενόμενος
1071 1119 1135 1153 εις
1159 1101 1442 1158 Ἱεροσόλυμα
1480 1105 1693 1158 πολεμεῖν
1722 1103 1803 1158 μὲν
1833 1098 1970 1154 εὐθὺς

301 1168 350 1215 οὐ
382 1173 537 1227 διέγνω
567 1173 632 1227 τῷ
649 1167 803 1228 Ἰούδα,
837 1170 954 1227 δόλω
986 1167 1027 1212 δ
1054 1168 1311 1252 ὑποχείριον
1332 1171 1483 1226 λαβεῖν
1503 1176 1654 1227 κρίνας
1674 1174 1970 1228 προσπέμπει
2012 1224 2014 1232 Ι

300 1239 455 1295 λόγους
486 1237 729 1296 εἰρηνικοίς
763 1234 896 1294 αὐτῷ,
927 1238 1147 1295 μηδεμίαν
1176 1238 1256 1293 μὲν
1278 1234 1466 1296 ἀνάγκην
1489 1237 1604 1283 εἶναι
1625 1239 1808 1297 φάσκων
1833 1240 1969 1282 πολε-

299 1316 398 1362 ιιεῖν
427 1309 503 1351 καὶ
533 1305 812 1359 κιιᾘδτνεύειν,
844 1305 1001 1362 όρκους
1031 1301 1073 1348 6
1101 1301 1222 1362 αῧτιῦ
1253 1306 1428 1350 διδόναι
1456 1308 1562 1363 περὶ
1593 1309 1672 1350 τοῦ
1701 1307 1837 1364 μηδὲν
1866 1310 1969 1350 πεί-

301 1374 661 1418 σεσθαιδεινόν·
692 1369 811 1430 ἥκειν
841 1373 924 1430 γὰρ
954 1373 1066 1428 μετὰ
1098 1374 1243 1431 φίλων
1273 1373 1350 1417 ἐπὶ
1375 1377 1438 1431 τῷ
1459 1376 1650 1433 ποιῆσαι
1673 1373 1869 1433 φανερὰν
1892 1369 1970 1418 αὖ-

299 1451 394 1493 τοῖς
430 1441 509 1499 τὴν
537 1446 795 1500 Δημητρίου
832 1443 913 1484 τοῦ
951 1443 1171 1497 βασιλέως
1211 1441 1434 1496 διάνοιαν,
1475 1440 1534 1494 ὡς
1570 1444 1676 1498 περὶ
1714 1444 1793 1486 τοῦ
1821 1445 1971 1498 γένους

301 1506 445 1553 αὐτῶν
477 1519 646 1567 φρονεῖ.
705 1512 846 1553 ταῦτα
877 1510 1342 1565 διαπρεσβευσαμένου
1372 1513 1450 1554 τοῦ
1471 1509 1720 1567 Νικάνορος
1750 1507 1773 1554 ὅ
1801 1505 1969 1561 Ἰούδας

297 1580 371 1622 καὶ
403 1579 446 1622 οἱ
478 1574 666 1636 ἀδελφοὶ
706 1574 839 1621 αὐτοῦ
870 1581 1137 1628 πεισθέντες
1176 1579 1251 1621 καὶ
1279 1579 1498 1636 μηδεμίαν
1531 1573 1708 1636 ἀπάτην
1742 1575 1969 1621 ὑποπτεύ-

299 1662 454 1698 σαντες
495 1646 698 1690 διδόασιν
738 1651 915 1698 πίστεις
956 1642 1076 1702 αὐτῷ
1113 1649 1186 1690 καὶ
1228 1646 1428 1700 δέχονται
1468 1645 1545 1690 τὸν
1584 1645 1814 1701 Νικάνορα
1855 1643 1968 1700 μετὰ
2007 1647 2010 1651 ’

296 1717 374 1770 τῆς
405 1714 643 1769 δυνάμεως.
704 1712 726 1758 ὁ
761 1715 808 1758 δὲ
840 1711 1157 1768 ἀσπασάμενος
1194 1714 1272 1757 τὸν
1298 1710 1463 1758 Ἰούδαν
1495 1712 1594 1771 [καὶ]
1626 1712 1788 1768 μεταξὺ
1819 1728 1969 1769 προσ-

299 1784 466 1837 ομιλιῦν
498 1783 655 1826 δίδωσι
687 1792 781 1833 τοῖς
812 1782 993 1832 οἰκείοις
1021 1799 1066 1824 τι
1097 1790 1292 1839 σημεῖον,
1323 1777 1449 1832 ὅπως
1481 1780 1734 1835 συλλάβωσι
1763 1779 1840 1825 τὸν
1860 1776 1969 1825 Ἰού-

302 1851 393 1893 δαν.
455 1850 477 1893 ὃ
512 1850 559 1893 δὲ
591 1852 736 1901 συνεὶς
764 1849 843 1908 τὴν
875 1848 1115 1906 ἐπιβουλὴν
1147 1848 1396 1907 ἐκπηδήσας
1421 1848 1537 1906 πρὸς
1556 1849 1659 1900 τοὺς
1681 1848 1822 1900 ἰδίους
1844 1851 1968 1892 συνέ-

300 1935 447 1976 ᾳυγεν.
516 1920 711 1976 φανερᾶς
751 1918 797 1961 δὲ
836 1920 913 1976 τῆς
950 1920 1256 1972 προαιρέσεως
1301 1914 1437 1960 αὐτοῦ
1481 1919 1554 1960 καὶ
1599 1919 1677 1973 τῆς
1723 1915 1900 1972 ἐνέδρας
1943 1913 1966 1961 ὅ
2008 1913 2015 1919 ’
2062 1907 2067 1935 “⁴

299 1986 507 2041 Νικάνωρ
527 1989 761 2044 γενομένης
786 1987 999 2040 πολεμεῖν
1022 1985 1186 2040 ἔκρινεν
1207 1987 1270 2041 τῷ
1287 1980 1442 2043 Ἰούδᾳ,
1473 1987 1546 2029 καὶ
1569 1983 1865 2041 συγκροτήσας
1893 1984 1968 2028 καὶ

298 2054 750 2109 παρασκευασάμενος
779 2053 834 2097 τὰ
858 2053 972 2107 πρὸς
1002 2052 1079 2111 τὴν
1101 2053 1243 2109 μάχην
1275 2053 1519 2107 ‹rc-Aufidii&
1548 2052 1660 2096 κατά
1691 2068 1791 2096 τινα
1820 2051 1967 2110 κώμην

413 2159 432 2198 ξ
459 2159 524 2190 400
550 2171 593 2183 --
622 2158 650 2190 1.
668 2154 832 2190 Maccab.
851 2154 919 2189 VII
938 2157 990 2189 25.

410 2244 777 2280 PFLAMVWELat
791 2244 954 2279 Zonaras
978 2244 995 2278 I
1020 2255 1053 2289 p.
1081 2246 1158 2278 3ῖ3.

414 2306 429 2337 1
457 2301 614 2337 ioaclzim
638 2301 709 2336 Lat
800 2295 949 2347 α’νέχειν
974 2300 1019 2334 W
1102 2295 1189 2337 αἰλ’
1214 2296 1446 2345 ἡττώμενον]
1472 2294 1567 2335 ἀλλὰ
1591 2295 1691 2335 κατὰ
1716 2294 1814 2335 πολὺ
1838 2293 1966 2335 λειπό-

296 2372 414 2403 μενον
437 2358 562 2393 AMW
663 2362 682 2392 3
708 2357 918 2402 τρέπεσθαι
942 2357 989 2391 W
1089 2357 1174 2393 *εἰσ
1198 2354 1265 2402 τὴν
1289 2350 1507 2401 α’ντιόχειαν
1530 2355 1561 2390 L
1655 2358 1674 2389 5
1699 2353 1967 2402 προκαΙκατα-

299 2417 457 2462 ληφθείη
480 2415 529 2450 L¹
599 2418 618 2449 6
643 2416 737 2461 δοίη]
763 2414 921 2458 Dindorf
943 2417 995 2450 διῦ
1020 2414 1123 2449 codd.
1194 2413 1352 2459 ἰσχυρᾱσ
1375 2407 1439 2448 ἐπ’
1458 2408 1578 2449 αὐτὸν
1601 2416 1646 2447 tr.
1670 2412 1703 2447 V
1773 2415 1791 2446 ’a'
1815 2411 1840 2446 i.
1857 2419 1966 2456 marg.

299 2492 356 2531 [3¹
382 2495 413 2529 L
438 2493 564 2530 XVII
582 2494 653 2530 Lat
747 2497 765 2530 8
790 2490 907 2540 ἰσχύει
933 2493 960 2527 Ρ
1067 2496 1086 2527 9
1112 2469 1332 2540 γενόμενοέ
1349 2491 1379 2525 L
1486 2487 1677 2537 νικάνωρα
1701 2490 1732 2525 L
1840 2494 1880 2526 10
1903 2490 1967 2527 καὶ
2020 2487 2031 2503 ”
2065 2512 2070 2522 ·

301 2548 321 2584 ὃ
347 2556 391 2586 tr.
417 2552 448 2586 L
556 2555 590 2586 11
619 2547 888 2598 ὑπελάμβανεν
912 2549 944 2584 Ε
1035 2545 1232 2596 *α’ρκέσειν
1257 2545 1444 2594 ὑπέλαβεν
1468 2550 1512 2583 tr.
1539 2548 1571 2583 V
1675 2550 1714 2582 12
1740 2547 1961 2594 *μηδεμίανῙ
2003 2567 2034 2603 ‘'.-

298 2610 454 2655 μηδεμία
479 2606 509 2642 L
536 2604 639 2645 αὑτῶ
660 2608 844 2654 μηδεμίαν
868 2607 900 2641 V
1002 2610 1041 2641 14
1066 2605 1308 2653 *προπέμπει
1333 2604 1397 2639 FV
1514 2607 1549 2638 17
1577 2606 1643 2653 τῷ]
1668 2600 1713 2640 τὸ
1739 2602 1922 2638 PLAMW

301 2668 340 2700 15
367 2662 429 2707 ὡς]
456 2658 529 2701 ὅσα
554 2664 708 2698 LAMW
782 2666 822 2698 19
850 2660 869 2699 ὸ
896 2674 963 2698 om.
990 2662 1089 2698 ΝΕ
1160 2666 1201 2697 22
1226 2659 1356 2698 *ἰοί-σα
1383 2661 1428 2693 w
1499 2662 1602 2702 *καη
1629 2671 1696 2695 om.
1715 2660 1748 2695 V
1772 2664 1807 2695 et
1831 2663 1870 2694 ut
1893 2657 1964 2696 uid.
2006 2662 2015 2673 ¹

298 2722 379 2766 Lat,
406 2722 507 2757 eiecit
532 2721 681 2756 Hudson
753 2723 794 2755 23
820 2722 965 2756 *δίδωσι
990 2718 1018 2753 Ρ
1112 2732 1146 2755 τι
1172 2729 1240 2754 om.
1266 2718 1297 2753 E
1392 2720 1434 2750 2⁴
1459 2718 1595 2753 *συνὶσ
1620 2717 1649 2751 L
1720 2713 1964 2763 ’ἐμπηδήσασ

299 2779 335 2813 Μ
407 2779 530 2821 ἰδίους]
558 2778 752 2814 ἰουδαίουσ
768 2776 941 2815 PFLVE,
967 2777 989 2811 i.
1008 2786 1118 2820 marg.
1137 2775 1327 2812 bovatam-0
1351 2787 1398 2820 γρ
1416 2773 1448 2806 Α
1464 2783 1550 2808 suos
1567 2773 1638 2808 Lat
1708 2775 1749 2808 25
1776 2770 1963 2819 *ἐνέδραςί

298 2832 493 2879 δυνάμεωσ
515 2834 549 2869 V
643 2831 662 2869 ὁ
691 2831 870 2879 Νικάνωρ
895 2832 1108 2879 γενομένης]
1133 2830 1338 2878 γενομένησ
1358 2826 1522 2875 νικάνωρ
1549 2829 1580 2864 Ε
1686 2832 1728 2864 26
1753 2826 1963 2876 γενόμενοσ

296 2892 327 2926 L
420 2893 493 2933 καὶ]
521 2887 563 2933 ὃς
589 2891 736 2925 Hudson
763 2886 783 2926 ὁ
810 2890 847 2926 δὲ
873 2889 1027 2925 Dindorf
1142 2891 1182 2923 27
1210 2884 1254 2924 τὰ
1280 2898 1347 2922 om.
1374 2886 1400 2921 P
1500 2884 1682 2933 συμβάλω
1708 2885 1737 2921 F
1761 2880 1964 2933 συμβαλὼν

297 2948 363 2983 VE
455 2945 598 2993 maium]
623 2945 734 2983 πόλιν
757 2947 789 2980 V
