2107 3377
307 161 411 196 LXII
903 162 1079 198 Addenda
1104 164 1141 198 et
1165 163 1393 208 Corrigenda.

306 286 342 320 p.
369 277 446 317 246,
474 279 514 310 15
538 270 738 322 ἡγεμόνων
761 275 840 310 cod.
866 275 986 321 Busb.
1001 276 1045 312 E.

308 358 330 374 „
369 334 447 374 247,
472 334 515 367 20
539 341 691 377 repone:
718 327 875 379 ἀπῆρεν.

390 415 411 431 ,,
473 389 540 424 sub
564 391 665 423 textu
690 399 838 434 repone:
866 390 886 431 ξ
906 391 948 424 43
965 407 1010 418 =
1025 389 1106 424 bell.
1131 389 1210 426 Iud.
1235 390 1253 424 I
1280 392 1356 425 131.

308 470 329 487 ,,
367 446 432 479 248
457 444 494 479 in
517 445 649 490 pagina
674 456 811 480 summa
834 455 969 490 repone
992 445 1090 480 XIV.

308 525 330 542 ,‚
367 502 433 535 249
457 501 493 535 in
519 501 642 536 adnot.
667 512 732 546 pro
762 506 799 536 14
824 512 958 546 repone
986 505 1038 537 15.

310 582 333 598 ,,
370 559 436 592 249
461 557 498 591 in
523 557 644 593 adnot.
670 568 824 603 repone:
850 561 893 593 24
917 561 1185 604 προεκαλεῖτο]
1211 558 1244 593 Ε
1269 561 1546 604 προσεκαλεῖτο
1572 558 1676 594 codd.

310 639 332 656 ‚‚
369 615 447 655 254,
472 616 511 648 21
539 614 718 650 malichus
741 615 863 650 Latini
887 614 968 650 cod.
1002 614 1276 660 Neapolitanus.

309 696 330 712 „
367 672 444 712 266,
475 675 487 704 1
515 681 666 715 repone:
692 672 857 721 λῃστείᾳ.

308 752 330 768 ,,
369 729 445 769 272,
475 730 513 762 17
539 730 616 769 καὶ]
642 724 693 770 ὠς
718 728 813 763 coni.

309 809 332 824 „
368 785 444 826 280,
469 786 491 818 4
514 794 665 828 repone:
695 786 838 831 Σεργία
863 787 948 825 (11011
974 785 1142 834 Σεργία).

309 865 330 882 ,,
369 841 447 880 281,
472 842 491 874 9
517 840 638 875 adnot.
665 850 815 885 repone:
848 836 927 877 Ἐπὶ
952 862 995 866 -
1020 841 1192 891 προτέρα
1216 850 1284 875 om.
1303 840 1346 874 V.

309 922 330 938 ‚,
368 898 445 939 252,
471 901 490 931 5
517 895 717 940 Κλούσιος]
743 895 959 940 Καλούσιος
983 899 1060 933 siue
1085 895 1316 938 Καλουΐσιος
1341 895 1452 938 coni.;
1476 896 1568 931 idem
1592 907 1628 941 p.
1655 898 1731 937 284,
1757 900 1788 930 5.

310 978 331 995 ‚‚
368 955 444 994 235,
472 955 512 987 23
538 963 693 999 repone:
719 949 850 1001 γνώμη
874 957 959 996 (11011
989 952 1144 1001 γνώμῃ).

310 1035 332 1051 ,,
369 1011 446 1051 287,
474 1013 515 1043 14
539 1010 704 1044 lacunam
729 1016 860 1046 statuo.

309 1092 332 1107 ,‚
370 1068 434 1101 295
460 1067 526 1100 sub
551 1070 652 1100 textu
677 1077 827 1112 repone:
854 1069 875 1112 ξ
893 1071 958 1102 300
976 1083 1019 1095 --
1036 1067 1119 1102 11011.
1145 1066 1223 1102 Iud.
1248 1066 1265 1100 I
1291 1068 1369 1101 242.

310 1148 332 1163 „
369 1124 446 1163 297,
474 1125 490 1157 1
516 1123 638 1157 adnot.
664 1133 815 1167 repone:
841 1126 984 1160 τοίνυν.
1134 1139 1138 1145 ·

311 1204 332 1220 ,‚
371 1180 437 1212 315
461 1179 645 1214 adnotatio
670 1180 759 1224 ,,εἰς]
785 1177 852 1227 τὴν
876 1179 1157 1215 FLAMVWFJ‘
1184 1190 1256 1215 non
1280 1178 1326 1214 ad
1350 1190 1385 1214 u.
1411 1182 1443 1219 7,
1469 1179 1533 1213 sed
1557 1179 1602 1214 ad
1625 1190 1660 1214 u.
1687 1181 1706 1213 8
1734 1181 1886 1223 spectat.

310 1262 331 1278 „
371 1237 448 1277 316,
473 1239 492 1270 9
518 1246 651 1280 repone
674 1250 800 1273 τινων.

310 1317 332 1335 ,,
370 1294 449 1334 322,
477 1295 517 1326 12
543 1295 627 1327 ante
650 1295 714 1329 καὶ
738 1293 816 1328 dele
841 1303 992 1329 comma.

391 1375 413 1391 „
477 1351 514 1383 13
538 1347 814 1394 ἐπιτιθεμένων
840 1350 919 1385 cod.
946 1350 1056 1386 Busb.
1083 1349 1126 1383 E.

309 1431 331 1448 ‚‚
368 1407 446 1447 324,
472 1409 491 1439 9
517 1403 605 1448 τοὺς
631 1401 803 1453 ὀρόφους
828 1409 907 1442 τῶν
931 1403 1050 1442 οἷ’κων
1074 1406 1250 1441 debebam
1273 1404 1446 1450 recipere.

310 1488 332 1504 „
369 1464 445 1504 327,
474 1463 513 1496 13
542 1458 802 1509 ἀντετείχιζον
825 1466 908 1503 (11011
935 1459 1181 1509 ἄνετείχιζον)
1207 1462 1315 1497 etiam
1340 1462 1384 1496 E.

312 1545 333 1561 „
370 1521 448 1560 328,
474 1522 515 1554 26
541 1529 675 1563 repone
700 1522 767 1562 „26
793 1515 1038 1558 *α’νέστειλεν
1054 1520 1128 1563 V“;
1161 1529 1244 1554 nam
1268 1513 1492 1555 α’νέστελλεν
1515 1518 1621 1553 etiam
1644 1517 1676 1552 Ε
1700 1517 1823 1553 tradit.

312 1602 333 1618 ,‚
371 1578 447 1617 330,
472 1579 493 1610 4
517 1577 641 1611 adnot.
667 1587 821 1622 repone:
848 1577 952 1611 XVII
979 1579 1054 1612 162.

312 1659 334 1675 „
372 1635 449 1673 334,
472 1635 495 1666 4
518 1635 602 1676 post
626 1631 717 1670 τότε
743 1644 881 1668 comma
904 1633 1118 1678 ponendum,
1143 1643 1214 1668 non
1239 1633 1355 1668 colon.

311 1715 332 1731 ,‚
370 1691 447 1732 339,
473 1692 492 1724 8
518 1689 660 1724 (melum
684 1690 733 1731 (h.
760 1700 793 1726 e.
820 1687 1007 1737 Ἀνάηλον)
1033 1690 1114 1725 Lat.

311 1772 333 1788 ‚,
372 1747 449 1787 348,
476 1750 494 1780 5
520 1742 563 1782 ιε’
589 1742 680 1782 ἔτοσ
702 1746 740 1780 in
763 1746 796 1781 V
821 1750 930 1790 extat,
955 1757 1024 1782 non
1050 1747 1088 1781 in
1113 1746 1158 1781 E.

311 1828 334 1845 „
371 1803 447 1844 360,
475 1805 514 1837 13
537 1800 782 1849 χωρήσοντες
807 1804 898 1838 coni.

313 1884 334 1900 „
371 1860 448 1900 374,
475 1861 516 1893 22
540 1858 623 1893 adn.
649 1869 799 1904 repone:
825 1857 915 1906 γὰρ·
935 1860 985 1904 V;
1013 1863 1096 1904 post
1119 1856 1193 1906 γὰρ
1217 1859 1255 1894 in
1280 1859 1313 1894 V
1337 1868 1410 1893 una
1433 1858 1501 1893 litt.
1527 1867 1631 1893 erasa
1654 1861 1720 1893 est.

313 1942 334 1957 „
371 1917 448 1958 375,
477 1918 516 1949 19
541 1925 692 1960 repone:
719 1915 982 1963 ἐξυπονοῆσαι.

311 1999 332 2015 ,,
368 1973 446 2014 381,
476 1974 516 2006 16
540 1974 622 2008 adn.
648 1983 800 2017 repone:
827 1973 866 2010 δὲ
888 1973 1016 2009 LWE.

393 2055 414 2070 „
474 2031 512 2063 21
541 2026 620 2071 τὰς]
647 2024 742 2066 αι’-τὰ
770 2031 861 2065 coni.

311 2112 333 2128 ‚,
371 2087 447 2127 384,
475 2089 493 2119 5
519 2085 601 2120 adn.
627 2097 780 2131 repone:
806 2089 1008 2123 *πανοικεὶ
1033 2086 1158 2121 FAW.

311 2169 333 2185 ‚‚
370 2145 448 2183 389,
475 2146 489 2176 1
519 2143 600 2178 adn.
627 2154 779 2188 repone:
808 2139 1149 2189 *ἀντιμετέστησεν
1173 2143 1262 2177 LW.

311 2226 334 2242 „
373 2202 450 2241 391,
475 2199 659 2235 adnotatio
684 2197 962 2237 ὑπολείπεσθαι
988 2206 1054 2235 etc..
1081 2200 1126 2234 ad
1151 2211 1185 2235 n.
1213 2202 1267 2243 20,
1292 2210 1363 2235 11011
1387 2199 1433 2234 ad
1456 2210 1492 2235 11.
1516 2201 1557 2233 19
1581 2200 1734 2244 spectat.

313 2283 334 2298 „
374 2258 450 2298 394,
479 2259 515 2291 11
543 2261 627 2300 post
651 2252 943 2304 Ἀριστόβουλον
968 2256 1046 2291 dele
1071 2267 1219 2292 comma.

313 2339 322 2354 ‚
395 2340 416 2355 „
479 2316 520 2347 10
544 2313 627 2348 adn.
654 2323 805 2358 repone:
830 2318 895 2350 καὶ
918 2324 984 2359 pro
1009 2315 1085 2350 καί.

314 2396 335 2413 ,,
372 2373 448 2413 397,
476 2373 516 2405 18
541 2380 689 2414 repone:
716 2368 792 2417 ἤδη.

1053 2572 1145 2612 Vol.
1176 2571 1247 2611 1v.

314 2665 351 2698 p.
405 2658 456 2696 ¹4,
484 2657 526 2689 24
552 2651 840 2701 τιμωρήσασθαι
866 2654 972 2689 etiam
997 2655 1040 2689 A.

317 2737 337 2752 ‚,
400 2713 451 2752 19,
478 2713 519 2745 22
546 2707 589 2757 ἢν
615 2718 699 2748 (non
724 2705 851 2757 ἧς).Μ.

328 2794 337 2809 ,
399 2769 453 2809 25,
482 2770 522 2801 13
551 2769 807 2815 Καφαρσαβᾶ]
834 2765 1097 2815 Παρσανάβαν
1121 2766 1306 2813 Syncellus
1329 2776 1364 2811 p.
1392 2768 1469 2801 595.

317 2850 338 2867 ,,
399 2827 453 2864 44,
480 2827 496 2857 7
523 2826 586 2859 καὶ
611 2821 746 2867 α’νοιάς
770 2836 838 2860 om.
864 2826 972 2860 etiam
996 2824 1041 2866 P;
1067 2835 1151 2868 ergo
1176 2825 1252 2859 sine
1275 2823 1384 2858 dubio
1408 2821 1556 2857 delenda
1582 2823 1676 2857 eunt.
1716 2821 1883 2858 lacunam
1907 2832 1985 2859 esse

584 2888 746 2926 apparet.

316 2963 338 2980 ‚,
397 2939 453 2978 45,
484 2939 522 2971 10
550 2937 672 2972 adnot.
699 2947 764 2982 pro
795 2941 833 2972 18
859 2947 992 2983 repone
1020 2942 1072 2973 10.
