2029 3392
779 205 970 240 Praefatio.
1609 208 1638 241 X
1647 208 1709 242 vll

44 324 207 377 euraui3
250 337 346 366 nam
385 319 590 364 elusmodi
623 325 739 373 sunt,
778 324 822 362 ut
864 332 915 361 ex
949 321 1008 362 eis
1040 320 1109 362 uix
1144 319 1367 373 quicquam
1400 320 1453 362 ad
1486 322 1707 376 Iosephum

46 390 353 436 emendandum
386 387 536 431 lucrari
568 387 786 442 possimus

831 502 916 549 §2

157 593 292 635 Nemo
330 591 497 645 ignorat
536 590 642 632 inter
681 590 905 643 scriptores
944 591 1140 642 antiquos
1180 604 1231 632 ne
1276 603 1401 632 unum
1442 592 1611 644 quidem
1652 592 1705 633 in-

47 663 282 714 corruptum
304 662 486 701 aetatem
509 658 667 709 tulisse,
699 657 774 698 sed
803 670 946 699 omnes
968 663 1040 699 aut
1063 663 1295 711 temporum
1320 656 1471 699 iniuria
1492 662 1563 697 aut
1585 657 1709 698 libra-

47 728 199 770 riorum
237 739 366 780 opera
396 738 524 780 saepe
555 725 794 766 immutatos
827 736 931 765 esse.
992 724 1105 777 quod
1142 725 1269 767 etiam
1303 724 1483 779 Iosepho
1525 724 1711 778 contigit,

47 793 238 849 quamuis
269 792 459 836 codicum
492 793 580 835 eius
622 805 819 835 numerus
861 790 972 834 haud
1013 791 1189 846 exiguus
1228 792 1301 846 sit;
1343 795 1438 834 sunt
1479 791 1589 833 enim
1630 804 1709 834 non

46 861 169 917 pauci
194 861 274 903 loci
299 862 369 914 qui
392 861 433 903 in
454 860 647 903 omnibus
670 859 788 901 libris
813 864 1017 912 quotquot
1038 862 1133 902 sunt
1154 859 1212 901 ita
1234 860 1415 914 corrupti
1438 861 1636 910 feruntur,
1669 867 1713 899 ut

46 928 144 972 inde
175 928 425 972 concludere
454 927 662 982 possimus
692 940 837 970 omnes
867 927 997 970 libros
1029 940 1080 969 ex
1113 940 1194 969 uno
1225 940 1362 980 neque
1394 940 1442 970 eo
1476 927 1712 981 incorrupto

48 996 282 1052 exemplari
304 995 516 1038 deriuatos
539 1008 643 1038 esse.
677 995 793 1038 uelut
814 995 896 1037 XII
920 998 971 1036 40
995 997 1046 1049 (p.
1068 997 1134 1048 δυ,
1153 994 1195 1047 3)
1220 995 1369 1036 lacuna
1391 993 1615 1036 statuenda
1637 998 1712 1046 est,

47 1077 140 1107 cum
163 1077 214 1107 ex
237 1064 417 1116 Aristea,
451 1076 532 1116 quo
556 1076 655 1106 usus
678 1066 742 1105 est
763 1062 981 1116 Iosephus,
1014 1066 1221 1117 appareat
1244 1076 1324 1105 non
1345 1063 1479 1105 solum
1504 1061 1606 1114 auri,
1639 1060 1714 1103 sed

50 1131 176 1174 etiam
198 1132 360 1186 argenti
383 1131 559 1186 pondus,
584 1132 696 1184 quod
720 1131 988 1174 Ptolemaeus
1009 1144 1082 1173 rex
1102 1130 1268 1173 Iudaeis
1292 1129 1415 1184 misit,
1438 1134 1712 1172 memoratum

48 1198 190 1242 fuisse.
229 1200 334 1241 XIII
354 1202 432 1240 416
450 1199 507 1253 (p.
533 1201 621 1252 177,
641 1200 680 1251 1)
700 1199 741 1241 in
759 1199 952 1242 omnibus
969 1198 1088 1240 libris
1106 1197 1280 1240 Graecis
1297 1203 1338 1240 et
1354 1198 1515 1240 Latinis
1537 1197 1715 1239 traditur

48 1266 269 1321 κλίματος,
293 1267 368 1310 sed
391 1267 573 1309 dubitari
596 1267 753 1320 nequit,
782 1266 882 1319 quin
903 1269 1016 1308 recte
1038 1264 1266 1308 Hudsonus
1289 1279 1341 1307 ex
1363 1266 1712 1308 Maccahaeorum

53 1334 159 1377 libro
190 1335 420 1378 restituerit
451 1334 668 1386 κλίμακος.
720 1334 875 1376 deinde
897 1334 1000 1375 XIII
1026 1335 1246 1374 326-327
1278 1334 1578 1375 sententiarum
1612 1332 1713 1375 ordo

50 1403 110 1445 ita
132 1416 213 1446 non
237 1401 439 1458 procedit,
472 1406 516 1444 ut
537 1401 649 1444 haud
672 1401 800 1444 dubie
823 1402 1059 1456 corruptela
1080 1401 1255 1444 subesse
1277 1400 1482 1443 uideatur.
1534 1399 1714 1455 primum

51 1470 161 1513 enim
194 1472 321 1522 §326
353 1467 465 1511 ἀλλὰ
496 1472 786 1519 πονουμένοις
816 1469 866 1523 τῇ
899 1468 1132 1521 πολιορκίᾳ
1154 1466 1325 1516 Ζώιλος
1356 1464 1379 1509 0‘
1401 1466 1475 1508 τὸν
1497 1491 1551 1497 —
1575 1483 1715 1518 παρε-

50 1535 210 1592 βοήθει
231 1538 303 1580 uix
325 1542 436 1580 recte
458 1550 504 1579 se
526 1537 702 1589 babent;
735 1551 831 1579 nam
855 1541 895 1578 et
917 1535 1168 1591 permoleste
1199 1535 1402 1578 iterantur
1432 1548 1541 1589 quae
1571 1535 1715 1590 paullo

51 1609 149 1648 ante
179 1619 218 1660 p.
242 1608 335 1658 211,
367 1607 419 1646 20
451 1605 504 1646 de
534 1604 652 1647 Zoilo
683 1603 796 1646 dicta
827 1609 964 1657 erant,
997 1617 1073 1646 nee
1104 1607 1202 1657 apte
1233 1603 1538 1656 coniunguntur
1568 1603 1714 1657 παρῆν

51 1676 92 1716 et
121 1670 254 1726 μικρὰ
278 1670 555 1728 παρεβοήθει
586 1676 802 1726 tamquam
824 1671 936 1713 idem
959 1670 1041 1712 sibi
1063 1671 1207 1713 uelint.
1271 1669 1423 1713 deinde
1445 1670 1716 1724 insequentes

49 1739 283 1783 sententiae
322 1734 426 1781 οὐδὲ
469 1738 550 1792 γὰρ
583 1738 624 1780 οἱ
664 1738 865 1793 βασιλεῖς
906 1737 992 1778 κτλ.
1036 1742 1078 1781 et
1118 1736 1314 1790 ἑκάτεροι
1355 1736 1435 1791 γὰρ
1476 1737 1562 1779 κτλ.
1605 1739 1716 1781 male

51 1820 97 1851 se
119 1806 346 1862 excipiunt,
380 1820 473 1850 eum
503 1807 612 1850 inter
637 1820 682 1850 se
703 1820 756 1849 ne
777 1806 1031 1849 cohaereant
1052 1805 1237 1859 quidem,
1268 1810 1313 1848 ut
1343 1804 1548 1861 suspicari
1577 1806 1716 1860 possis

49 1875 226 1919 alteram
249 1887 393 1918 earum
424 1873 691 1928 ἑκάτεροι-
710 1870 854 1927 ἀγῶνα
887 1874 987 1916 olim
1018 1879 1115 1916 ante
1145 1875 1170 1926 ξ
1193 1875 1273 1916 326
1303 1877 1399 1928 post
1430 1870 1540 1923 παρ’
1575 1867 1715 1913 αὐτῶν

51 1943 254 1986 extitisse.
308 1941 384 1986 sed
414 1956 467 1986 ne
498 1948 595 1985 tunc
617 1941 788 1995 quidem
810 1942 975 1995 reliqua
1006 1942 1114 1984 bene
1145 1939 1391 1996 procedunt,
1422 1944 1468 1982 ut
1499 1940 1604 1983 haee
1634 1954 1717 1983 non

4 2035 10 2041 ,
49 2011 184 2055 solum
206 2011 387 2064 turbata,
409 2010 486 2054 sed
507 2010 634 2054 etiam
656 2015 805 2064 postea
826 2011 940 2052 male
956 2009 1102 2052 reficta
1122 2022 1215 2052 esse
1232 2012 1449 2063 appareat.
1494 2007 1715 2061 insequen-

50 2079 161 2122 tibus
182 2092 292 2135 quae
311 2078 411 2121 XIV
434 2080 486 2120 99
509 2081 563 2133 (p.
582 2080 677 2133 257,
698 2080 764 2128 16)
785 2082 932 2120 extant
954 2080 1146 2131 Γαβινίῳ
1168 2080 1321 2129 μέντοι
1351 2074 1460 2117 κατὰ
1490 2075 1567 2130 τῂν
1591 2090 1716 2127 στρα-

50 2144 181 2196 τείαν,
205 2143 257 2201 ἣν
275 2141 348 2202 ἐφ’
369 2142 570 2199 Ὑρκανὸν
590 2143 827 2196 ἐστείλατο,
846 2141 1140 2197 Ἀντίπατρος
1156 2141 1425 2198 ὗπηρέτησεν
1442 2143 1529 2184 κτλ.
1571 2157 1716 2187 omnes

51 2214 182 2257 critici
213 2215 476 2258 consentiunt
506 2214 678 2257 tolerari
707 2227 790 2256 non
820 2225 966 2268 posse,
999 2225 1136 2266 neque
1169 2212 1281 2255 enim
1303 2215 1448 2254 contra
1471 2211 1715 2265 Hyrcanum

50 2282 125 2326 sed
155 2282 198 2324 in
218 2285 458 2338 Aegyptum
482 2282 688 2324 Gabinius
710 2280 940 2324 exercitum
963 2280 1097 2323 duxit.
1147 2279 1223 2323 sed
1253 2278 1464 2334 quomodo
1497 2278 1594 2320 huie
1623 2279 1715 2321 loco

49 2348 302 2392 medendum
334 2350 409 2403 sit,
448 2362 570 2408 nemo
602 2349 852 2405 explicauit;
892 2361 988 2390 nam
1019 2347 1114 2403 ipsa
1143 2347 1276 2390 uerba
1306 2359 1409 2388 sana
1448 2349 1556 2388 sunt.
1617 2358 1716 2400 ergo

49 2419 122 2460 aut
151 2417 376 2472 Iosephum
407 2417 545 2472 ipsum
577 2418 740 2460 calamo
772 2428 934 2459 errasse
963 2415 1219 2469 putabimus,
1251 2413 1295 2456 id
1327 2413 1440 2467 quod
1471 2412 1595 2455 facile
1625 2411 1716 2455 fieri

48 2484 203 2539 potuit,
242 2490 315 2527 aut
352 2486 568 2539 antiquum
605 2484 870 2528 librariorum
911 2496 1091 2526 errorem
1126 2483 1299 2525 subesse
1339 2480 1608 2523 statuendum
1640 2484 1715 2522 est.

49 2551 166 2594 aliud
196 2551 344 2595 uitium
376 2557 439 2596 est
467 2553 546 2595 XV
575 2556 648 2595 150
681 2551 739 2607 (p.
763 2553 858 2607 359,
880 2554 903 2592 4
922 2551 1022 2605 sq.);
1063 2549 1123 2592 ibi
1153 2550 1264 2591 enim
1295 2561 1403 2603 quae
1434 2547 1590 2590 tradita
1621 2552 1717 2590 sunt

49 2631 172 2662 nemo
203 2619 448 2675 intellegere
478 2624 619 2676 potest
650 2625 692 2663 et
722 2620 875 2664 collato
908 2619 1020 2661 bello
1051 2617 1222 2660 Iudaico
1253 2619 1431 2671 apparet
1469 2616 1613 2668 aliqua
1644 2628 1714 2658 ex-

51 2685 214 2740 cidisse,
247 2701 355 2742 quae
386 2689 426 2730 in
451 2687 723 2732 adnotatione
744 2686 947 2741 refingere
969 2690 1142 2729 conatus
1163 2698 1265 2727 sum.
1316 2683 1415 2725 XVI
1442 2686 1488 2724 17
1514 2687 1569 2738 (p.
1589 2687 1625 2737 7,
1649 2683 1716 2737 10)

51 2753 256 2799 habemus
295 2755 363 2797 καὶ
396 2754 592 2806 πλεύσας
634 2754 706 2797 διὰ
733 2751 878 2797 Ῥόδου
919 2755 988 2796 καὶ
1023 2754 1097 2794 Κιῦ
1130 2749 1370 2805 προσέσχεν
1401 2749 1503 2804 περὶ
1534 2752 1715 2804 Λέσβον

54 2817 250 2874 οἰόμενος
279 2821 388 2873 κτλ.,
422 2823 494 2866 ubi
524 2837 577 2866 ex
606 2822 924 2877 insequentibus
954 2825 1131 2877 apparet
1162 2819 1391 2873 excidisse,
1422 2819 1494 2861 ubi
1524 2817 1716 2862 Herodes

54 2888 273 2944 appulerit.
315 2890 394 2934 fuit
423 2892 601 2934 fortasse
634 2890 707 2932 διὰ
734 2886 875 2931 Ῥόδου
902 2889 973 2931 καὶ
997 2892 1072 2929 Kc&
1094 2890 1193 2943 Χίῳ
1214 2889 1467 2941 προσέσχεν.
1512 2886 1612 2928 XVI
1635 2888 1714 2928 312

53 2954 111 3009 (p.
133 2957 199 3011 52,
224 2956 291 3011 14)
323 2957 376 3000 de
406 2959 588 3002 Euarato
620 2958 705 3002 Coo
738 2972 846 3013 quae
876 2960 1097 3000 narrantur
1127 2955 1334 2998 eiusmodi
1373 2958 1489 3008 sunt,
1531 2959 1576 2996 ut
1615 2953 1716 3006 quid

1416 3020 1440 3054 b
