2029 3392
820 210 1011 247 Praefatio.
1600 222 1660 256 XX
1669 223 1757 259 XIII

79 322 334 366 stituendum
368 335 461 364 esse
493 323 651 364 conieci
683 322 908 379 χειιιάὁιιι;
949 327 1177 381 ascriptum
1213 333 1276 370 est
1314 329 1355 372 in
1389 332 1576 385 margine
1611 351 1758 385 χειμα-

78 390 279 438 διοῧντας
309 395 349 432 et
382 389 475 430 huic
507 391 643 432 simile
673 391 1006 442 χειμαδιοῦντος
1038 395 1134 436 MW
1170 396 1385 440 exhibent.
1434 397 1587 442 deinde
1614 403 1757 456 paullo

77 458 184 500 infra
213 459 238 508 ξ
265 459 339 497 125
371 470 408 498 ιι.
433 460 456 496 5
488 458 563 511 τῆς
594 455 669 498 ἐπὶ
693 460 940 511 Πετραίους
975 456 1079 501 ὁδοῦ
1113 468 1230 504 reete
1261 464 1440 506 dederat
1471 467 1520 518 A,
1553 468 1627 509 sed
1660 469 1758 512 inde

79 530 287 568 corrector
326 524 423 566 feeit
461 528 536 577 τῆς
576 523 649 565 ἐπὶ
684 528 855 578 Πέτρας
894 526 1086 582 εἰσόδου,
1139 530 1251 582 quod
1293 531 1451 575 habent
1491 533 1609 588 MW;
1657 549 1758 590 ergo

80 591 322 635 correctoris
343 590 476 633 codex
501 605 592 633 cum
618 592 714 634 MW
733 595 1034 638 consentiebat.
1078 597 1154 639 sed
1182 598 1306 652 longe
1328 600 1414 641 alia
1436 613 1502 642 res
1526 606 1589 642 est
1616 603 1758 646 multis

78 660 173 702 aliis
204 658 306 701 loeis
345 660 530 701 maxime
575 660 665 701 libri
699 661 804 715 XX,
848 664 959 705 uelut
997 668 1022 715 ς·
1052 666 1103 704 26
1123 678 1189 718 sq.
1224 668 1279 719 (p.
1304 668 1617 722 280,19sqq.);
1659 684 1756 712 nam

76 732 187 770 totus
218 726 285 768 hie
316 727 432 768 locus
463 726 504 767 in
536 728 572 769 A
606 728 645 768 in
679 742 823 770 rasura
855 736 994 785 extat,
1038 736 1081 772 ut
1119 739 1328 786 appareat
1371 734 1468 776 olim
1503 735 1659 778 afuisse
1692 751 1755 791 ea,

77 807 186 847 quae
218 807 325 835 nune
357 807 524 846 quoque
555 795 709 838 absunt
740 810 765 837 a
797 798 905 850 MW,
938 798 1219 853 similiterque
1251 801 1276 850 ἓ
1298 802 1350 841 92
1383 803 1439 856 (ρ.
1462 803 1557 855 291,
1581 806 1669 856 20),
1703 806 1755 845 94

77 865 132 917 (p.
152 864 244 915 292,
263 864 317 914 9),
355 865 428 902 111
463 864 631 916 (p.2<.1;'›,
656 866 814 916 1380).
863 866 1038 908 multum
1071 867 1199 918 igitur
1221 867 1364 910 ualent
1394 869 1503 923 MW,
1537 875 1582 911 ut
1603 884 1755 924 cogno-

76 942 263 982 scamus,
305 930 405 983 quid
448 929 645 973 habuerit
674 932 744 973 A¹.
806 933 888 973 iam
922 947 973 975 ex
1007 933 1071 976 his
1111 946 1221 987 quae
1263 935 1370 988 elegi
1412 938 1620 991 exemplis
1660 951 1756 981 con-

77 997 270 1053 spicitur,
309 1010 417 1050 quae
457 999 510 1039 sit
552 998 697 1040 horum
740 999 930 1041 codicum
971 1001 1220 1054 auctoritas3
1271 1016 1388 1056 nam,
1429 1008 1475 1045 ut
1514 1005 1753 1047 Palatinum

77 1066 281 1118 omittam,
314 1066 438 1119 longe
471 1065 673 1121 optimum
706 1079 798 1109 esse
819 1074 998 1122 apparet
1018 1069 1346 1112 Ambrosianum
1371 1083 1551 1124 eumque
1572 1074 1613 1114 in
1638 1074 1754 1115 libris

77 1134 233 1187 XVIII,
264 1134 378 1187 XlX,
409 1134 505 1186 XX,
546 1133 617 1188 qui
649 1147 731 1176 non
765 1140 911 1176 extant
943 1135 982 1177 in
1014 1136 1224 1190 Palatino,
1257 1137 1577 1181 fundamentum
1609 1154 1752 1183 recen-

77 1202 206 1244 sionis
238 1214 342 1254 esse,
373 1202 430 1242 ita
464 1206 619 1253 tamen,
651 1205 697 1242 ut
727 1201 825 1242 MW
847 1203 1017 1245 minime
1047 1204 1300 1257 neglegendi
1333 1205 1429 1259 sint,
1462 1207 1580 1249 uelut
1609 1208 1751 1249 XVIII

83 1272 159 1310 194
191 1272 246 1323 (p.
271 1272 448 1322 175516)
488 1270 542 1310 ab
585 1270 644 1311 eis
676 1270 921 1312 omittuntur
952 1275 1088 1312 ταῦτα
1122 1271 1258 1312 εἰιτιὺν
1291 1270 1403 1313 ἀλλὰ
1435 1271 1484 1328 δ’,
1520 1269 1752 1329 ιῖμειψατο,

79 1349 188 1390 quae
210 1341 355 1390 aperte
378 1341 473 1378 sunt
494 1336 649 1390 spuria,
683 1341 725 1378 et
748 1337 830 1378 XX
857 1340 934 1378 114
958 1342 1014 1392 (p.
1034 1340 1128 1393 295,
1149 1340 1214 1390 12)
1234 1343 1348 1382 reete
1370 1340 1572 1384 exhibent
1592 1342 1752 1397 κώμας,

80 1419 161 1448 non
182 1404 323 1456 χώρας
344 1409 389 1445 ut
407 1405 455 1455 A,
477 1404 646 1455 aliaque
665 1404 807 1445 multa.
841 1412 1116 1447 correctorem
1140 1420 1240 1448 uero
1258 1409 1528 1451 Ambrosiani
1551 1409 1751 1453 habuisse

79 1474 231 1515 librum
263 1471 445 1526 pessime
472 1471 768 1525 interpolatum
793 1477 949 1513 certum
973 1477 1054 1526 est;
1090 1485 1344 1527 quamquam
1366 1482 1476 1529 sunt,
1507 1489 1615 1529 quae
1637 1478 1752 1520 solus

78 1541 319 1593 incorrupta
358 1537 598 1589 tradiderit,
640 1539 756 1580 uelut
794 1539 935 1581 XVIII
959 1542 1039 1581 228
1072 1543 1126 1595 (p.
1151 1543 1241 1595 181,
1264 1545 1328 1591 12)
1372 1538 1752 1596 εὐαγγελιούμενος

78 1616 118 1650 et
147 1608 251 1650 XIX
274 1610 347 1647 157
372 1608 427 1659 (p.
447 1608 540 1658 237,
556 1608 594 1655 7)
622 1603 817 1646 Ἀλκύων
841 1620 923 1648 non
942 1603 1155 1662 Ἀρκύωιι,
1189 1610 1264 1651 sed
1286 1610 1467 1652 maiores
1489 1615 1751 1655 correcturae

78 1676 165 1718 fere
197 1685 342 1716 omnes
374 1672 495 1714 nihili
534 1678 629 1713 sunt
669 1672 1010 1727 nequissimaque
1041 1674 1082 1717 in
1116 1676 1176 1718 eis
1207 1677 1347 1718 insunt
1386 1678 1749 1732 interpolamenta.

78 1743 194 1784 uelut
233 1741 317 1783 XX
348 1741 400 1780 92
441 1740 496 1794 (p.
521 1741 615 1793 291,
639 1742 708 1790 20)
749 1740 861 1793 quod
901 1741 1047 1783 inserit
1086 1741 1291 1797 θνήσκει,
1338 1744 1379 1785 id
1421 1757 1473 1785 ex
1514 1746 1751 1788 coniectura

77 1811 235 1853 factum
262 1820 356 1851 esse
376 1806 475 1850 inde
496 1810 686 1861 apparet,
719 1809 830 1861 quod
861 1808 904 1850 in
926 1809 1122 1863 Epitoma
1144 1812 1287 1865 paullo
1309 1815 1406 1864 post
1426 1811 1598 1855 additur
1619 1829 1750 1854 κατα-

81 1880 262 1932 στρέφει
293 1875 368 1917 τὸν
398 1873 518 1929 βίον;
559 1883 600 1916 et
637 1876 662 1926 ξ
692 1878 742 1916 94
777 1878 830 1929 (p.
855 1878 950 1928 292,
973 1878 1014 1927 9)
1053 1890 1163 1930 quae
1202 1879 1372 1934 supplet
1411 1878 1522 1920 ἀλλὰ
1552 1881 1613 1935 τῷ
1640 1879 1750 1937 γήρᾳ

78 1945 152 1986 καὶ
182 1947 245 1999 τῷ
275 1943 352 1998 τῆς
391 1942 534 1998 λύπης
573 1941 790 1998 ἀλγήματι
822 1943 1055 1998 πιεζομένη
1087 1949 1250 1998 ταχέως
1290 1942 1516 2000 ἀπὲψυξεν
1549 1947 1643 2001 quis
1673 1961 1750 2002 pro

76 2011 271 2067 genuinis
302 2008 539 2053 uendiderit
575 2013 648 2052 aut
685 2023 736 2052 ea
766 2023 874 2064 quae
905 2012 930 2064 ξ
956 2014 1032 2054 113
1052 2025 1114 2066 sq.
1146 2013 1326 2068 aliisque
1358 2014 1462 2056 loeis
1501 2016 1751 2070 supplentur

78 2085 152 2123 aut
181 2080 325 2134 inepta
355 2083 427 2119 aut
455 2078 652 2120 inutilia?
706 2092 854 2132 unum,
892 2079 974 2121 nisi
1004 2080 1140 2136 fallor,
1172 2083 1271 2126 noui
1302 2083 1462 2137 locum,
1492 2083 1565 2124 ubi
1596 2084 1750 2125 lacuna

78 2153 190 2191 reete
231 2148 286 2189 ab
332 2146 412 2188 hoe
452 2150 685 2188 correctore
727 2147 941 2200 expletur,
991 2148 1075 2189 XX
1108 2151 1161 2191 26
1203 2154 1258 2205 (p.
1286 2153 1386 2204 280,
1414 2154 1461 2191 19
1479 2154 1569 2204 sq.).
1635 2151 1747 2193 idem

77 2219 218 2258 tamen
250 2219 458 2258 corrector
491 2214 636 2267 paullo
666 2213 776 2256 infra
816 2218 871 2269 (p.
895 2217 990 2269 281,
1013 2220 1052 2265 4)
1093 2216 1213 2258 addit
1248 2222 1538 2272 μαθησομένη
1578 2219 1745 2273 supple-

79 2287 265 2325 mentum
299 2285 341 2324 et
371 2280 567 2323 uitiosum
601 2286 642 2323 et
671 2281 871 2336 ineptum.
932 2295 1041 2336 quae
1079 2284 1208 2337 igitur
1238 2290 1447 2328 corrector
1476 2285 1747 2328 Ambrosiani

75 2350 117 2392 in
149 2350 214 2392 his
246 2348 364 2391 libris
395 2348 653 2407 suppeditat,
689 2355 887 2404 suspecta
917 2353 1014 2392 sunt
1044 2352 1196 2394 omnia.

190 2417 385 2469 Denique
414 2417 639 2469 singularis
678 2422 742 2459 est
782 2417 928 2459 horum
969 2418 1169 2461 librorum
1210 2419 1399 2462 condicio
1440 2421 1483 2462 in
1522 2421 1631 2474 uita,
1672 2422 1744 2464 ubi

78 2485 209 2528 multo
242 2485 376 2527 minus
408 2484 564 2527 eminet
584 2487 631 2538 A,
664 2484 792 2527 immo
823 2485 995 2539 saepius
1017 2486 1115 2529 MW
1136 2500 1281 2530 uerum
1310 2501 1503 2531 seruasse
1536 2488 1743 2531 uidentur.

76 2553 255 2607 primum
288 2552 410 2606 enim,
441 2557 486 2594 ut
505 2565 633 2606 supra
653 2552 807 2606 monui,
838 2553 911 2595 uit.
934 2555 986 2594 22
1003 2567 1064 2608 sq.
1089 2556 1142 2607 (p.
1163 2557 1256 2608 325,
1273 2559 1313 2605 5)
1344 2556 1385 2596 in
1407 2569 1457 2598 eo
1480 2556 1586 2609 loeo,
1618 2570 1744 2610 quem

78 2621 190 2663 solus
221 2620 254 2662 P
285 2621 495 2673 Integrum
526 2620 620 2673 dat,
661 2621 788 2663 etiam
827 2621 882 2662 ab
912 2621 1010 2663 MW
1041 2622 1249 2675 quaedam
1289 2623 1463 2677 absunt,
1504 2623 1581 2665 sed
1621 2625 1746 2679 plura

77 2686 119 2728 in
151 2688 211 2730 eis
243 2692 388 2729 extant
427 2701 551 2741 quam
591 2688 633 2729 in
663 2689 722 2741 A;
764 2687 918 2730 deinde
949 2690 974 2739 ξ
1002 2691 1082 2730 330
1113 2693 1167 2744 (p.
1191 2692 1284 2743 375,
1309 2692 1348 2741 8)
1386 2691 1518 2733 uerba
1547 2692 1618 2733 καὶ
1650 2700 1745 2742 τοῖς

79 2754 155 2795 σὺν
187 2752 319 2810 αὐτῷ,
351 2767 460 2808 quae
490 2754 663 2798 indubie
693 2760 790 2798 sunt
820 2756 1023 2810 genuina,
1054 2757 1134 2799 soli
1165 2757 1366 2800 exhibent
1395 2759 1505 2801 MW.
1562 2759 1745 2812 denique

80 2833 160 2864 non
190 2822 316 2876 pauci
346 2827 442 2865 sunt
478 2823 559 2864 loci
570 2855 580 2876 ‚
619 2823 692 2865 ubi
723 2823 802 2865 soli
834 2828 907 2865 aut
937 2825 1097 2879 optima
1127 2830 1199 2867 aut
1237 2823 1464 2867 admodum
1503 2827 1745 2881 probabilia
1821 2835 1824 2837 ’

80 2887 350 2944 tradiderint,
387 2890 505 2932 uelut
538 2892 564 2943 ξ
591 2893 643 2932 62
675 2892 732 2945 (p.
755 2893 849 2945 331,
871 2893 961 2943 23),
1002 2894 1053 2934 68
1086 2896 1142 2947 (p.
1164 2894 1259 2948 333,
1281 2895 1344 2947 4),
1382 2895 1435 2934 77
1467 2895 1523 2948 (p.
1546 2897 1640 2948 334,
1663 2898 1744 2948 13),

82 2955 133 2995 84
163 2957 220 3009 (p.
243 2958 447 3011 335,16),
489 2959 541 3000 86
573 2960 629 3012 (p.
652 2960 747 3013 336,
769 2961 829 3011 3),
869 2960 920 3000 90
952 2960 1006 3014 (p.
1031 2961 1229 3014 336,15)‚
1265 2963 1341 3002 100
1375 2963 1426 3016 (p.
1451 2963 1545 3016 338,
1568 2964 1629 3015 8),
1664 2966 1742 3004 105

1449 3037 1466 3060 C
