2107 3377
316 148 419 182 XLII
1049 148 1245 185 Praefatio.

316 267 428 316 tare,
458 263 642 318 plurima
670 276 770 306 uero
801 263 855 305 ab
887 274 936 304 eo
967 275 1052 304 non
1082 264 1276 319 agnosci,
1317 265 1425 307 sicut
1455 279 1506 308 ea
1537 278 1715 320 quoque,
1748 278 1858 319 quae
1884 268 1984 310 Am-

316 330 514 373 brosiano
548 331 706 385 passim
745 329 913 372 addidit
951 334 1180 386 corrector,
1219 333 1274 375 ab
1315 347 1365 376 eo
1403 333 1543 376 aliena
1580 337 1689 376 sunt.
1746 333 1823 376 illa
1857 333 1986 389 igitur
2056 365 2064 371 -

313 396 668 452 interpolamenta
698 403 794 452 post
825 397 966 440 Latini
1003 402 1188 442 aetatem
1216 400 1386 443 inuecta
1416 413 1510 444 esse
1548 400 1826 456 probabiliter
1855 403 1986 446 statui

282 510 285 511 ⁷
313 469 463 520 potest.

917 546 944 597 ξ
975 546 1021 586 9:
1064 544 1118 588 de
1149 545 1374 600 excerptis.

429 634 507 676 His
529 633 642 676 addo
663 634 836 676 breuem
858 634 1165 689 Excerptorum
1186 635 1453 690 mentionem,
1485 649 1661 690 quorum
1694 637 1876 692 primum
1897 649 1985 680 me-

315 702 520 745 moranda
540 706 635 744 sunt
657 714 720 755 ea,
752 713 862 755 quae
884 701 1159 744 Constantino
1179 702 1544 758 Porphyrogenito
1565 705 1736 748 iubente
1765 705 1809 747 in
1838 704 1985 748 titulos

315 770 369 812 de
399 769 623 812 uirtutibus
655 773 696 812 et
726 769 840 811 uitiis
872 773 914 811 et
945 769 998 811 de
1029 769 1311 824 legationibus
1332 776 1504 826 recepta
1524 777 1632 814 sunt.
1683 785 1794 826 quae
1815 775 1987 828 sumpta

313 842 410 880 sunt
442 851 495 880 ex
527 836 693 890 codice,
731 836 802 889 qui
832 836 938 879 nulli
968 849 1022 878 ex
1051 837 1348 892 superstitibus
1378 840 1545 882 omnino
1576 839 1725 882 similis
1756 843 1868 893 erat,
1909 839 1987 883 sed

314 905 440 948 modo
472 919 565 948 cum
596 905 692 947 aliis
721 904 848 947 modo
880 917 974 946 eum
1005 905 1100 947 aliis
1130 905 1324 948 faciebat.
1370 919 1499 962 saepe
1525 908 1634 949 enim
1657 907 1871 960 Excerpta
1890 920 1986 949 cum

313 973 452 1015 AMW
474 973 752 1026 consentiunt,
783 977 825 1015 et
845 972 1031 1015 maxime
1053 973 1223 1026 quidem
1245 987 1339 1016 cum
1357 974 1423 1028 W,
1453 975 1569 1017 uelut
1598 975 1660 1016 XI
1684 976 1763 1016 149
1788 976 1843 1030 (p.
1863 976 1930 1028 33,
1944 976 1986 1025 9)
2042 971 2046 974 ⁴

314 1054 408 1083 cum
438 1054 488 1084 eo
528 1045 749 1083 seruarunt
787 1035 1027 1094 ὑπέθρω.1)
1085 1046 1131 1083 ut
1170 1046 1313 1084 autem
1343 1042 1479 1084 AMW
1511 1055 1641 1098 saepe
1680 1042 1987 1095 coniunguntur
2058 1041 2067 1044 ’

312 1122 406 1151 cum
428 1109 475 1162 E,
506 1108 567 1151 ita
596 1109 723 1150 etiam
745 1108 960 1163 Excerpta
980 1121 1109 1164 saepe
1131 1109 1170 1151 ei
1190 1110 1251 1152 ita
1271 1108 1577 1162 adsentiuntur,
1608 1115 1654 1152 ut
1673 1123 1756 1152 non
1777 1122 1871 1152 raro
1893 1109 1988 1152 sola

311 1191 405 1220 cum
437 1191 489 1220 ea
518 1176 698 1230 faciant,
738 1175 853 1229 quod
883 1175 974 1219 fieri
1006 1176 1199 1219 uidemus
1237 1176 1302 1219 XI
1327 1178 1404 1218 148
1437 1178 1494 1230 (p.
1517 1178 1584 1230 33,
1607 1179 1672 1230 4),
1710 1176 1784 1219 ubi
1822 1175 1987 1220 addunt

312 1240 447 1286 αὗτῶι
478 1260 525 1286 τε
556 1249 597 1287 et
626 1243 732 1285 XIII
753 1245 834 1284 242
857 1246 912 1298 (p.
939 1247 1030 1298 196,
1057 1246 1136 1298 11),
1158 1244 1230 1286 ubi
1259 1258 1343 1287 non
1373 1241 1573 1298 εὐσεβείᾳ
1603 1243 1679 1286 sed
1710 1242 1830 1286 αἰδοῖ
1859 1243 1987 1296 (ἒδοῒ)

310 1313 447 1355 EExc
487 1312 712 1365 exhibent,
755 1310 869 1364 quod
906 1325 991 1354 non
1029 1324 1112 1354 uno
1143 1312 1314 1355 nomine
1346 1311 1685 1355 commendabile
1714 1310 1904 1366 uidetur,
1940 1315 1988 1354 ut

309 1382 453 1436 paullo
488 1381 597 1423 infra
628 1381 653 1432 ξ
676 1382 757 1421 246
790 1381 845 1434 (p.
867 1381 960 1434 197,
983 1382 1022 1430 8)
1055 1377 1198 1433 πάρεξ
1226 1380 1269 1422 in
1290 1380 1429 1422 EExc
1457 1379 1638 1433 aliisque
1668 1384 1782 1422 recte
1812 1379 1986 1434 legitur3

309 1463 387 1492 nec
418 1449 555 1491 minus
577 1448 680 1490 XIV
707 1450 856 1501 160sq.
885 1460 980 1490 cum
1000 1447 1034 1488 Ε
1064 1447 1314 1503 plerumque
1345 1447 1621 1491 consentiunt.
1668 1447 1745 1490 sed
1774 1445 1987 1490 interdum

310 1531 403 1560 cum
434 1516 530 1559 aliis
560 1516 738 1569 faciunt,
780 1516 897 1558 uelut
931 1516 1208 1559 memorabile
1238 1521 1324 1570 est,
1364 1516 1477 1570 quod
1507 1515 1612 1557 XIII
1633 1517 1710 1556 261
1747 1518 1801 1570 (p.
1824 1517 1920 1571 200,
1943 1512 1986 1569 5)

310 1585 507 1628 omittunt
543 1584 697 1637 ἔλαβεν
730 1596 823 1625 cum
856 1583 1042 1637 LAMW,
1082 1597 1160 1626 nec
1197 1587 1340 1626 tamen
1372 1597 1466 1626 cum
1505 1583 1666 1626 eisdem
1704 1582 1849 1639 paullo
1889 1588 1988 1638 post

311 1653 474 1696 addunt
496 1648 716 1706 ἀφείλετο.
756 1651 841 1693 XII
858 1653 938 1692 273
962 1654 1016 1705 (p.
1039 1652 1132 1705 119,
1150 1652 1190 1702 8)
1213 1650 1410 1703 πολέμου
1433 1649 1553 1707 νόμῳ
1574 1655 1688 1694 recte
1710 1650 1870 1693 habent
1891 1664 1987 1693 cum

310 1723 397 1775 FV,
434 1735 518 1764 non
548 1718 895 1768 πολεμουμένοις
927 1731 1021 1761 cum
1052 1719 1236 1773 reliquis.
1289 1731 1368 1762 nec
1397 1719 1552 1762 desunt
1580 1719 1684 1773 loci,
1723 1718 1796 1760 ubi
1827 1731 1921 1760 cum
1950 1718 1985 1760 P

311 1790 482 1842 faciant,
513 1789 629 1830 uelut
649 1787 754 1829 XIII
776 1789 856 1828 260
880 1788 934 1841 (p.
949 1788 1041 1841 199,
1060 1789 1123 1836 15)
1144 1784 1310 1841 ἤγαγεν,
1335 1801 1419 1830 non
1442 1784 1689 1841 συνήγαγεν,
1722 1791 1765 1828 et
1783 1785 1882 1828 XIV
1907 1788 1984 1828 160

311 1861 367 1912 (p.
394 1859 490 1911 269,
514 1858 578 1905 19)
609 1854 685 1910 τὴν
707 1858 868 1906 Συρίαν
899 1869 982 1898 non
1012 1854 1066 1895 τὰ
1097 1855 1174 1909 τῆς
1203 1856 1383 1909 Συρίας;
1424 1859 1469 1897 at
1498 1855 1599 1897 XIV
1625 1857 1702 1896 164
1725 1858 1779 1909 (p.
1801 1855 1898 1908 270,
1917 1855 1986 1906 15)

313 1939 408 1968 cum
429 1925 602 1977 reliquis
620 1923 813 1966 omnibus
835 1927 981 1965 contra
996 1923 1029 1964 P
1048 1926 1089 1964 et
1110 1923 1145 1964 E
1166 1923 1335 1966 faciunt.
1367 1922 1480 1966 addo
1498 1924 1678 1976 denique
1700 1935 1829 1965 unum
1845 1922 1985 1966 locum

308 1993 373 2035 XI
398 1996 470 2034 151
498 1995 552 2047 (p.
572 1994 637 2045 34,
658 1993 712 2045 2),
744 1990 816 2032 ubi
847 1991 961 2043 quod
991 1991 1160 2033 tradunt
1190 1991 1260 2032 καὶ
1291 1991 1376 2031 τῶν
1403 1985 1608 2045 ἀδελφῶν
1631 1986 1765 2032 αὐτοῦ
1795 1990 1865 2031 καὶ
1897 1990 1984 2031 τῶν

311 2061 474 2115 ἱερέων,
505 2073 600 2103 cum
630 2059 674 2101 in
704 2059 878 2112 reliquis
909 2060 978 2100 καὶ
1011 2060 1097 2099 τῶν
1122 2058 1268 2110 ἱερέων
1291 2058 1493 2102 traditum
1528 2059 1595 2112 sit,
1626 2057 1671 2100 id
1701 2057 1818 2113 apud
1847 2058 1986 2102 solum

309 2129 507 2172 Latinum
526 2127 742 2182 reperitur.
774 2125 851 2170 sed
867 2127 910 2170 in
925 2126 1045 2169 libris
1057 2127 1301 2169 XVI—XX
1319 2132 1360 2170 et
1375 2127 1465 2169 uita
1479 2127 1624 2182 paullo
1642 2126 1778 2170 minus
1795 2130 1986 2170 contorta

313 2201 376 2240 cst
406 2197 538 2250 ratio;
570 2197 819 2251 plerumque
841 2195 953 2238 enim
983 2195 1074 2237 Exc
1104 2208 1196 2237 cum
1229 2195 1289 2237 eis
1318 2195 1571 2250 conspirant,
1603 2207 1713 2248 quae
1742 2194 1785 2237 in
1805 2194 1847 2236 M
1868 2198 1911 2237 et
1931 2194 1985 2238 W

308 2265 517 2318 leguntur,
547 2265 664 2306 uelut
692 2263 806 2317 quod
826 2263 869 2306 in
890 2263 956 2306 his
987 2263 1103 2306 uitae
1123 2262 1365 2305 inscribitur
1385 2262 1485 2312 περὶ
1505 2258 1718 2319 Ἰωσήπου
1739 2260 1811 2304 καὶ
1832 2261 1984 2316 γένους
2059 2287 2062 2290 -

310 2328 446 2373 αὐτοῦ
475 2330 548 2374 καὶ
574 2329 817 2385 πολιτείας,
849 2331 929 2374 hoc
951 2331 1077 2373 etiam
1098 2331 1140 2372 in
1162 2331 1247 2373 illis
1277 2335 1352 2385 est,
1384 2335 1426 2374 et
1454 2330 1598 2373 XVIII
1623 2332 1704 2373 296
1725 2333 1783 2386 (p.
1804 2333 1897 2385 193,
1915 2331 1984 2381 24)

309 2414 392 2443 non
424 2397 594 2455 ἀρετὴν,
627 2398 703 2443 sed
736 2396 935 2447 διάνοιαν
967 2411 1059 2440 cum
1091 2398 1188 2440 Mw
1219 2398 1435 2452 exhibent,
1475 2397 1709 2452 itidemque
1735 2398 1880 2441 XVIII
1901 2401 1983 2442 346

312 2471 366 2522 (p.
386 2470 562 2521 203,14)
584 2465 857 2518 κτεινόμενος
879 2479 973 2509 cum
994 2467 1104 2520 MW,
1126 2480 1210 2509 non
1231 2464 1468 2518 θεώμενος.
1509 2471 1552 2508 et
1572 2478 1702 2520 saepe
1724 2465 1792 2508 hic
1814 2479 1983 2520 quoque

310 2536 517 2579 consentit
548 2536 602 2589 E3
642 2540 740 2577 nam
778 2535 922 2577 XVIII
952 2537 1032 2576 345
1071 2544 1125 2589 (p.
1149 2536 1376 2588 203‚7sq.)
1413 2534 1456 2576 in
1495 2534 1588 2576 loco
1629 2537 1824 2589 corrupto
1865 2534 1982 2587 quod

312 2603 525 2659 suppleuit
557 2604 723 2656 ἔλεγον,
764 2603 807 2645 id
837 2603 980 2658 paullo
1012 2602 1121 2645 infra
1151 2603 1278 2645 etiam
1308 2602 1351 2644 in
1383 2602 1472 2644 Exc
1501 2601 1694 2644 additum
1725 2607 1802 2644 est.
1863 2606 1906 2644 et
1937 2607 1984 2645 ut

310 2671 615 2726 Excerptorum
649 2672 765 2724 origo
799 2670 1016 2714 codicibus
1046 2670 1343 2725 superstitibus
1378 2673 1545 2724 praeter
1578 2682 1706 2711 unum
1739 2669 1917 2712 fortasse
1946 2670 1981 2712 P

313 2739 443 2781 multo
486 2740 696 2793 antiquior
740 2743 825 2794 cst,
871 2739 932 2781 ita
973 2739 1032 2781 nil
1071 2738 1242 2793 mirum,
1288 2737 1401 2792 quod
1446 2735 1655 2780 interdum
1694 2737 1736 2779 in
1776 2737 1837 2780 eis
1879 2737 1982 2782 solis

426 2864 456 2903 1)
481 2872 524 2896 ex
549 2857 705 2908 ὓπὲθρω
731 2861 857 2897 deinde
890 2861 1026 2897 factum
1059 2871 1139 2897 esse
1172 2861 1324 2906 apparet
1354 2856 1532 2908 ὑπερῴῳ,
1565 2859 1660 2905 quod
1694 2860 1803 2895 ceteri
1836 2860 1982 2897 codioes

307 2918 488 2953 exhibent.
