2029 3392
617 194 775 239 AN‘r1Q.
802 195 898 230 ιυυ.
925 195 975 230 xl
1002 198 1154 230 96—101
1182 200 1283 237 (uas.
1302 203 1333 237 e,
1754 197 1806 235 23

143 326 230 359 τος.
292 308 574 358 πιστεύοντες
614 307 661 349 δὲ
691 316 786 358 τοῖς
817 308 1073 365 προφήταις
1106 308 1399 363 ἐντεταμένως
1430 310 1597 364 εἴχοντο
1633 313 1709 366 τῆς
1741 311 1807 353 οἰ-

143 378 354 431 κοδομίας
383 377 601 433 μηδεμίαν
635 373 798 432 ἡμέραν
830 372 1065 429 ἀνιέμενοι.

258 450 296 487 6.
328 448 518 497 Δαρεῖος
549 443 595 485 δὲ
626 445 713 486 τῶν
744 445 1030 497 Σαμαρειτῶν
1063 440 1179 499 αύτῷ
1219 445 1488 499 γραψάντων
1518 447 1590 488 καὶ
1622 462 1806 502 κατηγο-

142 512 335 567 ρούντων
367 510 441 554 διὰ
472 513 548 568 τῆς
579 509 817 566 ἐπιστολῆς
855 513 942 553 τῶν
969 506 1205 563 Ἰουδαίων,
1245 510 1305 562 ῶς
1343 513 1421 569 τήν
1459 529 1505 555 τε
1546 513 1679 556 πόλιν
1709 511 1808 567 ὀχυ-

102 591 120 621 5
142 582 268 635 ροῦσι
299 581 369 622 καὶ
399 578 476 621 τὸν
509 578 613 620 ναὸν
635 582 834 635 φρουρίῳ
858 579 1154 631 προσεοικότα
1175 580 1343 633 μᾶλλον
1368 574 1391 637 ἢ
1416 581 1518 636 ἱερῷ
1540 578 1808 624 κατασκευά-

72 927 108 960 10

71 1266 107 1298 15

72 1604 109 1637 20

143 647 302 700 ζουσιν,
343 646 556 702 λεγόντων
596 646 642 688 δὲ
680 644 737 701 μὴ
780 650 1000 689 συνοίσειν
1032 642 1151 702 αι’·τῶ
1189 646 1244 689 τὰ
1274 648 1482 703 γινόμενα
1512 651 1585 692 καὶ
1622 652 1806 703 προσέτι

141 716 221 767 τὰς
252 713 494 765 ἐπιστολὰς
526 713 864 757 ἐπιδεικνύντων
885 712 965 764 τὰς
988 714 1250 769 Καμβύσου,
1284 712 1346 758 δι’
1371 713 1431 758 ῶν
1463 715 1676 759 ἐκώλυσεν
1699 715 1808 760 ἐκεῖ-

141 800 215 835 νος
236 783 483 838 οἰκοδομεῖν
503 782 580 825 τὸν
602 781 720 831 ναόν,
751 779 913 833 μαθών
936 778 1046 836 παρ’
1074 778 1218 824 αὐτῶν
1242 779 1317 826 οὐκ
1340 779 1520 842 ἀσφαλῆ
1550 793 1644 834 τοῖς
1668 783 1808 839 πράγ-

139 866 275 906 μασιν
315 847 448 894 αὖτοῦ
486 850 564 906 τὴν
602 851 690 891 τῶν
716 846 1029 904 Ἱεροσολύμων
1061 845 1427 894 ἀποκατάστασιν
1459 851 1669 903 ἔσεσθαι,
1710 850 1808 894 ἐπεὶ

137 921 210 963 καὶ
240 918 296 961 τὰ
328 920 451 974 παρὰ
482 920 560 960 τοῦ
591 921 796 960 Σισίννου
831 919 903 959 καὶ
943 919 1030 959 τῶν
1071 917 1149 961 σὺν
1189 914 1307 974 αύτῷ
1339 922 1613 973 κομισθέντα
1645 914 1809 974 ἀνέγνω

138 986 395 1043 γράμματα,
437 984 708 1041 προσέταξεν
741 983 785 1027 ἓν
815 993 910 1034 τοῖς
938 986 1186 1039 βασιλικοῖς
1216 983 1529 1043 ὑπομνήμασιν
1565 986 1809 1044 ζητηθῆναι

138 1053 194 1097 τὰ
225 1057 329 1110 περὶ
360 1053 541 1096 τούτων.
602 1054 673 1095 καὶ
706 1049 868 1109 εὑρέθη
901 1048 1239 1107 ἒνἘκβατάνοις
1268 1057 1321 1111 τῇ
1350 1054 1479 1110 βάρει
1506 1057 1559 1112 τῇ
1582 1054 1626 1098 ἐν
1648 1055 1809 1113 Μηδίᾳ

136 1123 325 1176 βιβλίον,
366 1120 410 1165 ἒν
441 1117 475 1177 ᾦ
515 1121 622 1164 τάδε
662 1110 713 1177 ἦν
747 1116 1129 1176 ἀναγεγραμμένα·
1170 1121 1244 1174 ,,ἒν
1275 1125 1338 1178 τῷ
1369 1123 1534 1180 πρώτῳ
1573 1126 1650 1180 τῆς
1679 1127 1810 1177 βασι-

140 1190 262 1240 λείας
307 1189 393 1233 ἔτει
434 1191 580 1246 Κῦρος
624 1186 645 1231 ὁ
687 1187 897 1242 βασιλεὺς
937 1187 1158 1232 ἐκέλευσεν
1195 1189 1273 1232 τὸν
1312 1190 1418 1233 ναὸν
1459 1191 1807 1249 οἰκοδομηθῆναι

135 1255 213 1300 τὸν
251 1256 296 1300 ἐν
323 1254 643 1313 Ἱεροσολύμοις
682 1258 754 1299 καὶ
794 1255 843 1299 τὸ
886 1257 1223 1315 θυσιαστήριον,
1262 1253 1380 1314 ἱῖψος
1418 1259 1497 1313 μὲν
1528 1261 1681 1316 πηχῶν
1717 1259 1810 1317 ἑξή-

138 1341 270 1368 κοντα
303 1315 427 1381 εὖρος
458 1325 504 1367 δὲ
533 1327 621 1367 τῶν
645 1321 801 1376 αὐτῶν,
835 1323 908 1367 διὰ
931 1324 1079 1379 δόμων
1103 1326 1292 1368 λιθίνων
1312 1330 1390 1380 βία
1411 1343 1459 1369 τε
1482 1326 1645 1378 ξεστῶν
1674 1330 1810 1383 τριῶν

138 1394 213 1436 καὶ
245 1392 416 1443 ξυλίνου
449 1392 585 1447 δόμου
618 1391 714 1442 ἑνὸς
751 1391 971 1448 ἐγχωρίου.
1031 1394 1101 1436 καὶ
1141 1392 1220 1449 τὴν
1253 1393 1315 1444 εἰς
1351 1395 1491 1437 ταῦτα
1530 1395 1732 1452 δαπάνην
1764 1394 1808 1438 ἐκ

138 1463 226 1504 τῶν
255 1463 333 1503 τοῦ
371 1461 591 1515 βασιλέως
629 1464 836 1515 γίνεσθαι
879 1460 1130 1512 διετάξατο,
1170 1461 1327 1505 καὶτὰ
1361 1463 1510 1520 σκεύη,
1552 1463 1578 1505 ἃ
1616 1462 1809 1520 συλήσας

139 1527 586 1584 Ναβουχοδονόσορος
617 1527 680 1579 εἰς
711 1529 956 1582 Βαβυλῶνα
988 1527 1201 1583 ἐκόμισεν,
1242 1525 1530 1587 ἀποδοθῆναι
1560 1539 1654 1581 τοῖς
1679 1527 1808 1586 Ἱερο-

141 1598 419 1651 σολυμίταις,
465 1595 543 1652 τὴν
589 1595 636 1639 δὲ
682 1595 940 1650 ἐπιμέλειαν
984 1596 1151 1639 τούτων
1197 1595 1311 1641 εἶναι
1345 1594 1684 1654 Ἀναβασσάρου
1728 1601 1807 1642 τοῦ

140 1663 333 1720 ἐπάρχου
364 1666 437 1707 καὶ
468 1666 545 1720 τῆς
566 1667 728 1719 Συρίας
757 1680 805 1705 τε
834 1665 908 1706 καὶ
932 1668 1143 1721 Φοινίκης
1171 1662 1384 1720 ἡγεμόνος
1413 1668 1486 1709 καὶ
1513 1668 1601 1708 τῶν
1622 1666 1808 1722 ἑταίρων

141 1727 295 1784 αὐτοῦ,
333 1726 458 1782 ὅπως
490 1727 614 1774 αὐτοὶ
646 1732 726 1785 μὲν
758 1726 999 1788 ἀφέξονται
1028 1734 1106 1774 τοῦ
1135 1732 1293 1785 τόπου,
1324 1742 1419 1784 τοῖς
1450 1734 1496 1776 δὲ
1528 1735 1702 1785 δούλοις
1730 1737 1809 1778 τοῦ

253 1879 340 1921 §98
366 1894 409 1906 =
437 1878 578 1913 1.Esra
594 1870 645 1912 'VI
672 1880 733 1921 223
759 1881 790 1914 2.
808 1878 902 1914 Esra
918 1879 968 1914 VI
996 1883 1025 1914 1.

252 2001 498 2038 PFLAVWE
510 2002 580 2037 Lat
592 2002 752 2037 Zonaras
776 2001 794 2036 Ι
817 2013 852 2047 p.
880 2005 958 2038 314.

254 2061 274 2093 2
300 2053 503 2103 α’νιεμένοι,
528 2071 583 2095 νιε
606 2058 631 2094 i.
648 2068 719 2093 ras.
738 2069 784 2092 m.
805 2060 825 2092 2
849 2057 877 2092 P
901 2057 1085 2105 ἐνιέμενοι
1110 2059 1156 2094 W
1239 2063 1257 2094 3
1283 2062 1567 2105 *Σαμαρειτῶν
1591 2072 1659 2096 om.
1685 2061 1762 2096 P¹F

141 2111 285 2165 *αὖτᾳῆ
310 2119 428 2153 ταῦτα
452 2115 483 2150 L
553 2116 643 2151 *καὶ
668 2126 736 2151 om.
754 2114 786 2151 V
855 2118 875 2150 6
900 2116 950 2158 δὲ]
975 2127 1043 2152 om.
1063 2116 1108 2150 W
1134 2116 1174 2152 τὲ
1197 2116 1229 2151 Ε
1301 2120 1318 2150 ῖ
1344 2115 1657 2154 ἐπιδεικνυόντων
1681 2117 1762 2153 WE

140 2169 219 2215 τὰς]
245 2175 314 2209 τοῦ
330 2172 396 2208 VE
473 2175 510 2207 10
536 2168 582 2209 τὰ
608 2182 677 2207 om.
702 2171 734 2206 L
803 2170 906 2219 παρὰ
933 2176 1012 2215 τοῦ,
1038 2169 1085 2220 ρὰ
1112 2187 1132 2209 τ
1149 2173 1171 2208 i.
1189 2183 1260 2208 raS.
1278 2184 1323 2209 m.
1345 2176 1364 2208 2
1382 2174 1409 2208 P
1435 2171 1532 2222 παρ’
1557 2169 1674 2211 αὐτοῦ
1697 2175 1763 2210 LA

140 2230 289 2265 σισίνου
310 2229 394 2264 A¹V
418 2229 591 2265 σισσίνου
613 2227 644 2262 F
669 2228 819 2263 sisinnio
843 2228 915 2264 Lat
1005 2231 1069 2265 καὶ
1094 2231 1172 2265 τῶν
1196 2225 1263 2265 σὐν
1280 2225 1393 2278 αὐτῷ]
1418 2226 1464 2267 τὰ
1483 2231 1512 2265 L
1606 2231 1807 2272 κομισθέν-

141 2299 219 2322 των
241 2285 289 2320 W
419 2288 460 2320 12
485 2281 546 2327 τά]
571 2284 676 2320 codd.
701 2284 790 2327 Zon,
816 2295 884 2321 om.
910 2285 944 2320 E
1058 2283 1248 2327 *τούτων]
1274 2281 1400 2322 ἀὐτῶν
1423 2286 1454 2321 L
1480 2286 1619 2324 τούτου
1641 2288 1719 2323 Zon

141 2338 306 2388 *εὑρέθη
329 2340 384 2384 ε’ν]
409 2337 603 2387 εὑρεθεῖεν
626 2341 657 2375 F
796 2342 957 2392 *qulqd
981 2343 1114 2389 μηδεία
1138 2342 1186 2383 (εἰ
1210 2343 1232 2377 i.
1259 2352 1329 2378 ras.
1355 2343 1401 2383 A)
1427 2342 1543 2385 FLA,
1575 2343 1600 2378 i.
1625 2354 1734 2388 marg.
1760 2358 1808 2390 γρ

141 2396 182 2434 ἐν
204 2399 339 2445 μηδεία
374 2400 420 2444 τῆ
451 2395 560 2435 πόλει
584 2398 617 2431 A
758 2400 796 2433 13
823 2396 893 2434 *ἐν
918 2409 985 2434 om.
1011 2398 1173 2433 LAZon.
1316 2397 1358 2434 ἐν
1382 2402 1437 2448 τῷ
1461 2410 1527 2434 om.
1552 2399 1599 2434 W
1625 2404 1660 2434 et
1683 2400 1806 2436 relicto

141 2456 258 2501 spatio
276 2465 394 2492 uacuo
420 2454 453 2490 E
595 2457 635 2489 14
660 2450 758 2490 *τὸν
782 2475 824 2479 -
852 2458 892 2489 15
912 2450 1202 2500 Ἱεροσολύμοις]
1229 2454 1525 2501 οἰκοδομηθῆναι
1551 2453 1621 2492 τὸν
1644 2454 1685 2492 ἐν
1710 2455 1807 2503 ἱερο-

141 2509 328 2556 σολύμοισ
351 2507 448 2548 ναὸν
470 2512 503 2547 A
652 2514 691 2546 15
718 2508 921 2558 ἐξήκοντα,
952 2509 994 2555 ἐξ
1013 2511 1037 2546 i.
1063 2521 1133 2546 ras.
1158 2511 1292 2547 maiore
1315 2522 1360 2545 m.
1389 2515 1408 2545 2
1433 2511 1460 2546 P
1609 2516 1648 2547 16
1681 2510 1739 2550 διὰ
1764 2534 1807 2539 ——

141 2571 271 2615 τριῶν]
295 2579 346 2604 eae
371 2568 485 2604 tribus
502 2568 710 2614 parietibus
733 2568 889 2614 lapideis
913 2567 1034 2613 lapide
1051 2567 1173 2614 polito
1198 2567 1269 2602 Lat
1376 2565 1512 2612 δῶμων
1535 2569 1565 2603 F
1673 2571 1741 2617 βία
1766 2584 1806 2607 τε

141 2627 294 2668 ξεστῶν]
320 2621 380 2662 διά
405 2638 445 2661 τε
470 2627 612 2668 ξεστῶν
628 2623 760 2659 FLAV
784 2620 953 2667 α’ξέστων
970 2624 1014 2659 W
1041 2621 1226 2667 εὐξεστῶν
1251 2625 1304 2659 ed.
1322 2635 1390 2669 pr„
1415 2624 1462 2660 cf.
1480 2626 1501 2669 ξ
1520 2628 1560 2660 13
1656 2629 1697 2661 18
1722 2630 1808 2673 *γε-

141 2679 275 2717 νέσθαι
298 2681 331 2715 Α
406 2683 507 2723 *καὶ]
532 2680 743 2728 προσέταξε
768 2681 807 2718 δὲ
829 2683 893 2717 καὶ
917 2680 1016 2715 LAV
1108 2678 1280 2726 συλήσας]
1304 2675 1459 2727 ἐσύλησε
1482 2683 1516 2716 A
1607 2685 1646 2718 19
1673 2687 1808 2731 ναβου-

139 2734 437 2784 χαδανάσσαροσ
461 2737 539 2772 PW
563 2735 953 2785 ναβουχοδονόσοροσ
977 2747 1021 2772 ex
1046 2739 1441 2783 ναβουχαδανασαροσ
1465 2747 1556 2774 corr.
1581 2740 1614 2772 A
1740 2740 1806 2784 εἰς]

140 2794 204 2829 καὶ
229 2792 285 2830 εἰσ
301 2793 334 2826 Α
428 2795 471 2828 20
495 2789 792 2841 Ἀναβασσάρου]
817 2794 863 2828 P¹
887 2797 923 2829 et
939 2803 983 2828 ex
1000 2803 1092 2828 corr.
1110 2792 1140 2827 F
1167 2788 1419 2840 α’ναβασάρου
1434 2793 1464 2828 F
1472 2795 1482 2815 ¹
1507 2793 1807 2844 σαβανασσάροι·

141 2848 236 2883 P²W
260 2844 564 2897 σαναβασσάρου
587 2849 653 2884 LA
677 2845 905 2897 ἀβασσάρου
921 2850 954 2885 V
979 2846 1255 2896 σαβανασάρου
1271 2849 1304 2883 Ε
1328 2849 1522 2886 sabassaro
1538 2852 1607 2887 Lat
1677 2855 1716 2887 21
1743 2856 1804 2889 καὶ

143 2913 214 2939 om.
238 2904 320 2939 AW
434 2908 510 2953 τῆς]
536 2909 606 2942 τοῦ
628 2906 662 2942 V
685 2905 739 2941 ed.
758 2917 827 2951 pr„
851 2916 919 2941 om.
945 2906 994 2941 W
1096 2901 1296 2952 ἡγεμόνων
1319 2905 1349 2940 F
1374 2907 1644 2952 maqistratz'hus
1667 2909 1738 2944 Lat

142 2956 312 3007 *ἑτέρων
334 2960 413 2997 FW
506 2965 549 2997 22
574 2957 785 3008 ἅφέξωνται
810 2962 1044 2998 FLA¹VWE
1070 2957 1270 3008 άφέξοιντο
1295 2973 1338 2998 ex
1363 2973 1454 2999 corr.
1480 2965 1512 2998 A

1838 452 1889 489 ‘³7

1841 791 1893 831 9⁹3

1840 1064 1892 1103 99

1842 1404 1858 1442 1
1869 1404 1921 1442 00

1842 1607 1915 1646 101
