2107 3402
884 154 1076 189 Praefatio.
1748 155 1809 189 Vll

320 276 360 314 ct
398 268 717 323 diligentissime
759 267 882 309 <locta
925 281 1049 310 manu
1090 274 1131 310 ct
1172 273 1368 310 exaratus
1407 273 1447 310 ct
1486 273 1693 310 correctus
1737 274 1810 311 est.

319 336 658 393 compendiorum
691 348 791 377 usus
823 336 908 377 t'crc
941 336 1078 377 nullus
1102 339 1175 388 cst,
1209 335 1287 377 nisi
1319 335 1526 377 interdum
1553 336 1592 377 in
1617 349 1810 378 uersuum

319 407 409 458 fine,
443 403 512 446 ubi
543 415 672 457 saepo
704 421 724 443 v
747 403 873 444 finale
906 402 1061 445 lineola
1084 403 1301 444 iudicatur.
1352 420 1362 443 ι
1389 410 1546 446 mutum
1572 405 1668 458 poni
1691 405 1811 456 solet,

316 486 390 516 nec
409 472 545 515 solum
578 471 617 512 in
650 470 729 512 tinc
761 470 1072 523 uocabulorum,
1105 470 1180 513 scd
1212 472 1338 513 ctiam
1371 471 1412 513 in
1444 471 1613 524 mediis3
1647 485 1813 527 semper

315 540 438 595 igitur
477 538 670 581 scribitur
709 542 960 590 πατριῦιοσ,
1004 537 1197 591 ῥάιὸιον,
1247 537 1410 595 χρή-ιζω
1454 544 1496 581 ct
1541 538 1652 593 quod
1694 540 1810 581 multi

315 621 458 650 uerum
491 619 583 650 csse
611 610 759 661 putant
791 605 954 659 σώιζω;
989 604 1195 648 interdum
1218 619 1317 649 uero
1340 607 1475 649 minus
1498 613 1608 649 recte
1630 606 1810 658 additur,

315 674 499 717 maxime
530 674 571 716 in
604 670 794 728 ἧρώιὸῃσ
815 677 855 728 ¹),
885 673 997 727 quod
1028 686 1255 726 numquam
1288 674 1378 716 sine
1401 677 1424 716 ι’
1447 679 1575 729 extat,
1607 675 1650 717 in
1671 673 1807 728 {305le

311 742 501 795 aliisque.
563 758 584 781 ν
617 740 922 794 ἐφελκυστικὸν
955 754 1083 796 saepe
1115 742 1241 784 etiam
1277 748 1532 785 consonante
1573 742 1713 785 littera
1749 756 1811 785 se-

313 815 466 864 quente
497 809 678 864 positum
712 808 960 863 plerumque
991 823 1016 852 a
1040 815 1272 852 correctore
1304 809 1528 863 diligenter
1550 822 1713 852 erasum
1738 813 1811 856 est,

312 882 509 920 accentus
532 882 573 919 et
594 876 764 931 spiritus
784 877 1030 931 plerumque
1053 882 1164 920 rcctc
1186 878 1313 932 positi
1335 883 1441 920 sunt.
1483 882 1812 920 correcturarum

315 945 441 988 habet
473 944 607 987 codex
637 957 793 997 genera
815 945 998 988 maxime
1021 944 1115 987 duo.
1157 946 1335 999 primum
1360 945 1472 987 leuia
1495 946 1703 998 quaedam
1726 959 1813 987 cor-

318 1018 430 1056 recta
469 1017 584 1066 sunt,
630 1012 746 1054 uelut
790 1017 987 1055 accentus
1027 1013 1165 1056 aliaue
1205 1018 1277 1055 aut
1315 1013 1482 1056 adiecta
1522 1019 1594 1055 aut
1642 1017 1813 1063 mutata,

318 1083 433 1126 uelut
454 1078 516 1130 οὗ,
541 1077 638 1121 κατ’
663 1076 807 1129 αὐτὸν,
831 1080 1022 1135 θαῤῥιῦν,
1046 1079 1279 1136 τάδελφοῦ,
1305 1080 1561 1134 στρατιύτασ
1582 1082 1739 1122 factum
1762 1094 1812 1123 ex

314 1166 376 1200 ov,
409 1146 635 1197 καταυτὸν,
662 1150 857 1202 θαρρῶν,
879 1148 1112 1203 ταδελφοῦ,
1138 1149 1427 1202 στρατιῶτασ,
1460 1153 1532 1190 aut
1553 1148 1813 1202 προσξεὸόκα

313 1221 542 1261 correctum
567 1216 610 1258 in
632 1212 906 1271 προΙσεδόκα,
938 1215 1019 1268 μέν
1044 1230 1097 1259 ex
1127 1216 1218 1269 μὲν,
1254 1217 1299 1258 δὲ
1330 1221 1402 1259 aut
1434 1215 1485 1257 ὸὲ
1516 1229 1569 1258 ex
1592 1212 1649 1265 δ’,
1684 1220 1811 1258 τοῦτο

314 1300 367 1329 ex
397 1279 537 1334 τοῦτ’,
574 1279 685 1324 ὥστε
718 1295 769 1325 ex
803 1279 910 1324 ὥστ’
944 1285 1100 1327 factum
1132 1290 1216 1338 est,
1256 1297 1385 1339 saepe
1414 1285 1470 1334 Ξῖ,
1504 1286 1541 1338 ιῙ,
1577 1286 1596 1324 ῖ
1632 1284 1739 1326 inter
1769 1297 1813 1326 se

314 1356 476 1396 mutata
508 1356 694 1394 correcta
725 1355 839 1405 sunt3
874 1352 938 1393 his
970 1351 1093 1406 adde,
1127 1352 1180 1395 de
1210 1352 1360 1407 quibus
1391 1352 1475 1393 iam
1505 1351 1660 1404 monui,
1694 1363 1814 1393 erasa

314 1423 336 1463 ὗ
358 1419 656 1475 ἑφελκυστικά.
701 1419 833 1462 habes
860 1419 986 1474 igitur
1012 1423 1289 1463 correctorem
1315 1423 1356 1461 et
1381 1418 1550 1462 doctum
1575 1424 1616 1462 et
1637 1418 1811 1472 diligen-

314 1494 412 1542 tem,
445 1487 516 1542 qui
549 1487 716 1542 quidem
746 1490 879 1530 totum
901 1487 1088 1531 codicem
1110 1487 1394 1543 pertrectauit.
1442 1486 1518 1529 has
1539 1486 1667 1541 igitur
1688 1487 1813 1529 alias-

314 1570 395 1610 que
416 1559 674 1599 correcturas
696 1554 876 1597 minores
908 1557 1042 1597 factas
1073 1568 1166 1599 esse
1188 1555 1282 1598 dico
1304 1568 1430 1597 manu
1451 1555 1588 1608 prima
1608 1553 1734 1607 (man.
1763 1558 1812 1605 1),

315 1637 452 1678 neque
484 1623 595 1666 enim
626 1634 730 1676 opus
762 1627 852 1664 erat
884 1635 935 1664 ea
963 1635 1071 1676 quae
1093 1623 1290 1665 librarius
1311 1624 1404 1678 ipse
1426 1623 1606 1665 correxit
1625 1635 1814 1664 seorsum

314 1690 566 1745 significari,
613 1702 788 1743 quorum
827 1702 1025 1743 magnam
1062 1695 1227 1745 partem
1265 1704 1318 1733 ne
1357 1689 1590 1732 memoraui
1630 1689 1813 1742 quidem.

312 1758 430 1802 aliud
461 1762 525 1802 est
555 1760 887 1800 correcturarum
917 1768 1063 1810 genus,
1095 1770 1177 1811 quo
1209 1759 1340 1800 erasis
1361 1756 1547 1810 antiquis
1568 1757 1720 1799 litteris
1741 1763 1814 1799 aut

310 1827 452 1870 uerbis
473 1830 547 1868 aut
571 1824 764 1868 uersibus
784 1824 976 1878 pluribus
996 1838 1108 1868 noua
1127 1824 1427 1880 superinducta
1447 1829 1543 1867 sunt
1563 1838 1689 1867 manu
1710 1825 1813 1867 satis

311 1896 488 1947 antiqua
509 1897 551 1936 et
572 1907 598 1936 a
624 1891 781 1935 codicis
811 1897 952 1936 aetate
982 1906 1066 1935 non
1094 1893 1272 1935 multum
1303 1895 1476 1935 remota.
1528 1892 1635 1935 haec
1666 1906 1814 1935 manus

312 1962 462 2005 litteris
483 1961 613 2004 utitur
635 1961 765 2002 multo
782 1960 1062 2016 pressioribus
1085 1964 1126 2002 et
1141 1960 1250 2003 inter
1272 1973 1317 2002 se
1338 1960 1512 2003 conexis
1532 1973 1611 2002 nec
1631 1958 1816 2002 abstinet

312 2043 337 2072 a
358 2029 619 2084 compendiis
650 2031 693 2071 et
723 2041 853 2083 saepe
883 2041 1081 2071 uersuum
1101 2028 1272 2071 solitum
1295 2028 1480 2084 spatium
1512 2026 1737 2082 egreditur,
1769 2033 1814 2069 ut

313 2102 518 2154 appareat
549 2097 610 2140 eis
642 2109 750 2150 quae
782 2096 882 2139 olim
913 2096 1072 2151 scripta
1102 2101 1222 2138 erant
1254 2109 1346 2140 eam
1384 2094 1546 2149 aliquid
1582 2094 1813 2137 addidisse.

312 2170 533 2222 praeterea
563 2163 882 2208 memorandum
914 2168 978 2206 est
998 2164 1131 2207 uerba
1161 2164 1216 2206 ab
1248 2163 1328 2207 hoc
1358 2168 1591 2207 correctore
1628 2162 1815 2217 reposita

314 2239 543 2288 antequam
574 2233 616 2275 in
647 2236 809 2275 textum
838 2232 1123 2275 insererentur
1151 2232 1326 2287 plumbo
1357 2234 1609 2287 praenotata
1641 2243 1735 2274 esse
1772 2230 1815 2272 in

312 2302 524 2358 margine,
568 2301 641 2343 ubi
680 2300 808 2343 etiam
847 2313 957 2342 nunc
995 2313 1300 2355 saepenumero
1341 2299 1463 2342 facile
1502 2299 1587 2352 legi
1626 2304 1812 2353 possunt.

312 2371 390 2413 has
422 2373 681 2413 correcturas
721 2382 849 2411 manu
886 2366 1072 2411 secunda
1103 2371 1228 2417 (man.
1260 2369 1300 2418 2)
1332 2368 1468 2410 factas
1506 2377 1598 2408 esse
1638 2364 1742 2419 dixi,
1775 2368 1816 2408 et

310 2438 508 2492 quoniam
547 2437 641 2492 ipsa
678 2437 820 2491 specie
860 2440 901 2479 et
941 2435 1081 2478 colore
1119 2447 1145 2476 a
1179 2435 1328 2477 ceteris
1369 2433 1592 2486 differunt,
1632 2433 1705 2475 diu
1742 2445 1814 2476 eas

312 2506 366 2549 ab
397 2506 482 2548 alio
514 2508 747 2548 correctore
777 2505 912 2546 factas
944 2516 1037 2546 esse
1057 2503 1205 2557 putaui
1226 2516 1277 2545 ac
1297 2506 1469 2545 ceteras.
1527 2514 1673 2544 uerum
1703 2513 1815 2543 nunc

309 2573 452 2617 omnia
471 2572 681 2628 reputanti
704 2570 854 2615 eadem
875 2583 1003 2613 manu
1023 2571 1207 2625 scriptae
1230 2582 1322 2613 esse
1342 2568 1539 2610 uidentur
1556 2581 1607 2611 ac
1625 2568 1815 2611 maxima

311 2654 410 2697 pars
440 2655 597 2695 earum,
630 2652 735 2696 quas
767 2639 909 2682 manui
939 2639 1101 2694 primae
1132 2637 1368 2690 adsignaui,
1401 2635 1454 2677 de
1490 2648 1572 2688 quo
1599 2635 1709 2677 infra
1731 2634 1813 2678 dis-

313 2710 553 2765 putabitur3
597 2721 697 2750 nam
743 2706 967 2750 atramenti
1011 2707 1155 2761 paullo
1196 2705 1306 2747 alius
1349 2703 1464 2746 color
1502 2708 1544 2746 et
1581 2703 1814 2746 litterarum

313 2777 449 2830 figura
478 2777 566 2819 alia
594 2775 692 2818 inde
721 2775 848 2817 facile
877 2774 1152 2828 explicantur,
1186 2772 1298 2826 quod
1328 2770 1426 2814 huic
1447 2770 1671 2813 correctori
1702 2774 1742 2813 et
1771 2769 1815 2812 in

310 2847 403 2888 loco
425 2844 578 2887 adraso
610 2843 833 2896 minusque
861 2841 1049 2895 lenigato
1072 2844 1114 2884 et
1132 2841 1175 2882 in
1196 2839 1402 2892 angustiis
1422 2837 1690 2881 scribendum
1711 2842 1814 2880 erat.

253 2937 283 2976 1)
303 2929 467 2979 Ἡρώδης
490 2932 584 2969 idem
609 2934 664 2968 est
688 2931 783 2977 quod
801 2927 988 2979 Ἡρώνδης
1012 2929 1088 2965 siue
1108 2925 1313 2975 Ἡρώνδας,
1339 2936 1449 2972 quare
1471 2927 1547 2961 iota
1570 2936 1643 2962 non
1666 2924 1814 2970 patitur.
