2029 3392
551 220 710 265 ANTIQ.
737 220 833 255 IUD.
860 220 920 254 xl.
970 218 1290 254 ARGUMENTA.
1728 219 1752 254 :3

883 828 966 880 XI.

99 964 260 1014 Τάδε
319 966 578 1014 ἔνεστιν
639 966 706 1013 ἐν
763 969 839 1026 τῇ
901 960 1216 1024 ἑνδεκάτῃ
1277 967 1403 1010 τῶν
1447 959 1758 1025 Ἰωσήπου

210 1045 526 1107 ἱστοριῶν
571 1048 683 1106 τῆς
719 1041 1086 1105 Ἰουδαϊκῆς
1135 1040 1627 1108 ἀρχαιολογίας.

199 1226 268 1277 Ὡς
299 1232 439 1279 Κῦρος
470 1224 493 1267 ὁ
525 1232 702 1277 Περσῶν
732 1224 929 1276 βασιλεὺς
960 1223 1063 1275 τοὺς
1095 1223 1319 1274 Ἰουδαίους
1351 1222 1570 1274 ἀπολύσας
1606 1226 1650 1266 ἐκ
1679 1232 1760 1268 Βα-

93 1289 293 1334 βιᾘλιῦιος
343 1287 400 1333 εἰς
445 1299 521 1335 τηι
561 1286 721 1324 οἰκείαν
767 1284 992 1335 ἐπέτρεψεν
1031 1280 1178 1331 αὐτοῖς
1223 1284 1498 1334 οἰκοδομῆσαι
1537 1280 1613 1322 τὸν
1652 1281 1759 1324 ναὸν

46 1351 65 1382 5
96 1339 197 1390 deig
216 1339 376 1391 αὐτοῖς
403 1338 606 1392 χρήιιατα.

210 1391 273 1438 ότι
306 1394 568 1437 διεκώλυσαι
600 1394 758 1445 αυτοῖς
789 1399 827 1437 οἱ
860 1401 939 1437 τοῦ
968 1396 1176 1445 βασιλέως
1214 1392 1412 1446 ᾗὶεμόνες
1449 1393 1759 1437 κατασκευάσαι

96 1451 145 1495 τὸ
177 1452 291 1506 ἱερὸι
323 1451 520 1502 ἐκποδών
551 1450 771 1503 γενόμενοι
803 1462 894 1502 τοῖς
925 1468 1074 1504 ερὶοις.

210 1509 268 1560 ὡς
309 1508 454 1562 Κυρου
494 1507 823 1561 τελευτησαντος
862 1507 1091 1561 Κιιμβυσης
1130 1506 1152 1548 ὁ
1186 1517 1285 1556 παῖς
1324 1505 1459 1549 αἰτοῦ
1497 1506 1761 1560 παραλαβὼν

96 1565 173 1619 rifi
201 1565 253 1619 512
256 1571 430 1616 εμοιίαι
461 1582 504 1606 εκ
536 1565 698 1616 παντὸς
728 1565 841 1618 dnm
844 1563 993 1618 όρευσε
1024 1574 1115 1614 τοῖς
1137 1563 1348 1613 Ἰουδαίοις
1379 1567 1653 1617 οἰκοδομῆσαι
1683 1563 1761 1607 τὸν

28 1630 65 1663 10
99 1621 214 1664 ναόν.

210 1676 274 1720 ὅτι
313 1680 490 1730 Δαρεῖος
529 1677 553 1719 ὁ
586 1676 825 1720 Ὑστάσπεω
864 1675 1116 1727 βασιλείσας
1153 1681 1331 1727 Περσῶν
1363 1677 1552 1729 ἐτίμησεν
1590 1675 1640 1719 τὸ
1671 1683 1761 1719 τῶν

100 1734 310 1777 Ἰουδαίων
342 1736 469 1784 ἒθτος
500 1738 570 1775 καὶ
601 1733 677 1776 τὸν
709 1733 815 1776 ταὸν
848 1732 991 1775 αυτιῦι
1024 1730 1365 1809 ἀνῳκοδόμησεν.

209 1790 266 1842 ὡς
295 1790 393 1841 μετ’
424 1789 558 1832 αυτὸν
588 1795 658 1832 καὶ
690 1790 713 1832 ὁ
745 1801 844 1840 παῖς
876 1789 1011 1832 αυτοῦ
1031 1790 1192 1842 Ξέρξης
1224 1793 1389 1839 οικείως
1418 1787 1525 1842 πρὸς
1545 1805 1648 1840 τους
1670 1788 1763 1833 Ἰοῖ-

96 1851 242 1898 δαίους
273 1850 445 1900 διετέθη.

0 1908 64 1945 115
206 1903 271 1946 ὅτι
310 1902 615 1955 βασιλεύοντος
656 1902 930 1956 Ἀρταξέρξου
967 1901 1178 1945 Ἰουδαίων
1218 1908 1305 1943 πᾶν
1345 1900 1394 1943 τὸ
1434 1902 1561 1952 ἔθνος
1603 1901 1764 1944 ἐκινδύ-

96 1973 258 2003 νευσεν.

209 2016 267 2067 ὡς
305 2015 485 2069 Βαγώας
517 2015 540 2058 ὁ
580 2016 855 2070 Ἀρταξέρξου
885 2022 965 2058 τοῦ
1005 2017 1216 2068 νεωτέρου
1257 2013 1489 2068 στρατηγὸς
1528 2013 1668 2057 πολλὰ
1708 2020 1764 2066 εἰς

94 2072 196 2124 τοὺς
227 2073 453 2124 Ἰουδαίους
483 2071 712 2127 ἐξύβρισεν.

209 2229 462 2263 FLAVWLat

210 2288 422 2329 argumenta
444 2285 657 2320 interierunt
682 2285 717 2319 iu
742 2286 782 2328 P,
807 2295 936 2329 magna
963 2295 1048 2329 pars
1073 2284 1190 2319 recisa
1213 2284 1250 2318 in
1274 2284 1307 2317 A
1399 2283 1632 2328 praemittunt
1656 2281 1765 2329 ἰωσή-

97 2355 172 2378 που
195 2340 388 2387 ἰουδαϊκῆσ
412 2337 690 2387 οἷρχαιολογίασ
714 2342 857 2389 βίβλοσ
880 2338 928 2377 ια’
955 2341 984 2375 F
1017 2341 1180 2385 φλαυίου
1203 2336 1373 2385 ἰωσήπου
1396 2339 1587 2385 ἰουδαϊκῆσ
1612 2335 1765 2386 ἀρχαιο-

97 2399 233 2444 λογίασ
259 2395 380 2445 λόγοσ
404 2395 453 2434 ια’
479 2398 512 2433 V
610 2402 623 2432 1
650 2410 685 2434 u.
717 2400 800 2433 1—2
825 2398 931 2432 recisi
955 2398 988 2430 A
1013 2408 1081 2432 om.
1109 2397 1142 2432 V
1224 2394 1414 2442 ἑνδεκάτῃ]
1441 2393 1616 2442 ἑνδεκάτη
1639 2397 1764 2442 βίβλω

96 2453 159 2489 FL
178 2451 287 2490 [a'W
403 2457 481 2490 τῶν
504 2450 684 2501 Ἰωσήπου
708 2453 900 2501 ἱστοριῶν]
926 2452 1097 2500 ἰωσήπου
1121 2452 1270 2499 ἱστορία
1295 2452 1324 2486 F
1358 2455 1427 2498 τῆσ
1451 2449 1620 2498 ἰωσήπου
1643 2451 1674 2485 L

99 2513 118 2545 2
143 2510 323 2558 ἱστοριῶν
347 2513 417 2556 τῆσ
441 2521 470 2546 s,
488 2511 534 2546 W
611 2514 676 2556 τῆς
700 2506 897 2556 Ἰουδαϊκῆς
921 2521 988 2545 om.
1015 2510 1045 2544 L
1123 2505 1321 2555 Ἰουδαϊκῆς
1344 2519 1412 2543 om.
1438 2508 1468 2542 F
1552 2510 1571 2542 3
1597 2519 1764 2543 numeros

99 2567 275 2612 capitibus
299 2566 437 2603 addunt
463 2567 561 2602 FLat
585 2571 621 2602 et
645 2578 692 2602 m.
719 2570 738 2602 2
758 2568 787 2602 V
896 2569 916 2600 4
940 2565 1151 2613 ἐπέτρεψεν
1176 2560 1315 2607 αὐτοῖς]
1342 2562 1512 2611 ἔπεμψεν
1536 2559 1677 2600 αὖτοὺσ
1701 2564 1763 2598 FL

211 2626 231 2658 6
258 2616 329 2665 ὅτι]
352 2625 416 2659 καὶ
442 2617 501 2659 ὅτι
525 2623 588 2658 FL
720 2627 737 2657 ἵ
765 2621 809 2659 τὸ
836 2620 953 2670 ἱερὸν]
979 2620 1050 2659 τὸν
1076 2619 1170 2658 ναὸν
1195 2621 1239 2654 W
1357 2624 1374 2656 8
1401 2618 1464 2663 ὡς]
1487 2622 1551 2656 καὶ
1577 2615 1634 2656 ὡσ
1656 2619 1719 2654 FL

100 2694 119 2725 9
145 2690 405 2737 οἰκοδομῆσαι]
429 2692 555 2727 κτίσαι
572 2691 618 2725 W
691 2694 728 2725 11
756 2687 959 2727 ὕστάσπεω
977 2689 1006 2724 L
1031 2671 1199 2728 hotaon‘f)
1224 2689 1254 2722 F
1278 2684 1483 2731 {wardon-0,
1508 2701 1528 2724 ο
1547 2698 1590 2722 ex
1617 2702 1647 2724 ω
1672 2698 1763 2722 corr.

99 2748 131 2781 A
154 2742 382 2784 ὓστάσπεωσ
406 2747 437 2782 V
461 2744 682 2784 ϋστάσπεοσ
698 2748 746 2782 W
766 2748 941 2792 iustepins
965 2746 1012 2786 (h.
1031 2756 1061 2782 e.
1078 2742 1289 2787 ὑστάπεως)
1315 2744 1386 2779 Lat
1479 2747 1519 2779 12
1545 2740 1670 2780 αὐτῶν
1694 2755 1763 2779 om.

100 2824 131 2859 L
207 2821 452 2872 ω’κοδόμησεν
475 2825 508 2861 V
602 2828 642 2859 13
668 2827 731 2861 καὶ
756 2836 824 2861 om.
851 2825 921 2859 Lat
1015 2827 1054 2860 15
1079 2823 1382 2872 βασιλεύσαντοσ
1405 2823 1452 2857 W
1533 2801 1765 2870 ἄρτδῖξέρξου

101 2881 134 2915 Α
224 2876 412 2918 Ἰουδαίων
435 2893 504 2917 om.
523 2882 568 2915 W
662 2878 848 2918 Ἰουδαίων
871 2884 960 2923 πᾶν]
984 2883 1122 2926 μικροῦ
1145 2883 1222 2916 τῶν
1246 2878 1425 2916 Ξουδαίων
1447 2881 1525 2915 πᾶν
1550 2880 1581 2914 V
1674 2874 1763 2915 πᾶν]

103 2939 243 2983 μικροῦ
266 2940 344 2974 πᾶν
359 2939 439 2972 AW
532 2935 800 2979 ἐκινδύνευσεν]
825 2935 1055 2974 ἐκινδύνευσε
1081 2932 1132 2972 δι’
1150 2933 1220 2979 (διὰ
1239 2937 1283 2977 V)
1308 2932 1459 2980 ἆμάνου
1483 2933 1599 2972 δόλον
1622 2934 1717 2970 FLV

107 2996 144 3027 17
172 2990 342 3039 Βαγώας]
368 3005 525 3039 uaqosas
548 2994 618 3029 Lat
712 2991 732 3030 ὁ
759 3004 827 3029 om.
853 2993 931 3028 FW
957 3004 1060 3028 ena-n.
1080 2993 1110 3027 L
1205 2995 1245 3028 18
1270 2989 1474 3039 ἐξύβρισεν,
1498 2990 1539 3035 ἐξ
1561 3002 1651 3026 eras.
1673 2994 1703 3025 A

1421 3050 1469 3084 1*
