2029 3392
150 961 187 994 10

150 1298 186 1332 15

698 228 856 272 ANTlQ.
884 228 978 263 lUD.
1006 227 1090 262 xlll
1121 231 1249 263 19-26
1274 231 1307 269 (Ι.
1326 235 1399 270 με.)
1801 231 1879 267 155

218 345 281 399 τῷ
311 340 404 398 ι’)’ρει
437 344 645 396 λοχῶντες
677 341 842 395 ἔμενον.
903 338 963 392 ὡς
995 337 1034 383 δ’
1063 339 1180 384 εἶδον
1203 338 1360 392 αὐτοὺς
1383 339 1568 397 ἄγοντας
1599 340 1676 398 την
1702 345 1878 394 παρθέ-
1910 347 1962 385 20

219 428 293 455 νον
332 413 401 454 καὶ
441 409 517 452 τὸν
557 412 745 466 νυμφίον
784 410 856 452 καὶ
897 410 1040 465 φίλων
1080 408 1157 451 σὺν
1199 406 1347 460 αὐτοῖς
1378 409 1471 452 οἷον
1503 407 1618 458 εἰκὸς
1650 408 1693 450 ἑν
1722 407 1880 464 γάμοις

220 476 360 532 ὄχλον,
393 472 756 534 ἀναπηδήσαντες
787 474 830 518 ἐκ
860 478 937 531 τῆς
968 475 1144 531 ἐνέδρας
1175 473 1436 519 ἀπέκτειναν
1469 472 1670 525 ἅπαντας
1700 477 1772 518 καὶ
1802 474 1880 518 τὸν

218 547 381 601 κόσμον
420 547 491 588 καὶ
530 543 608 600 τὴν
648 541 782 601 ἄλλην
821 538 901 600 ὅση
941 543 1041 586 τότε
1073 544 1225 586 εἵπετο
1257 546 1353 587 λεία
1383 553 1477 595 τοῖς
1507 540 1771 599 ἀνθρώποις
1802 544 1879 585 λα-

217 614 370 669 βόντες
410 610 706 666 ὑπέστρεψαν.
774 613 847 654 καὶ
891 615 1110 667 τιμωρίαν
1146 612 1226 665 μὲν
1266 610 1374 667 ὑπὲρ
1409 609 1610 655 Ἰωάννου
1655 607 1878 667 τάδελφοῦ
1910 615 1958 656 21

220 681 343 738 παρὰ
373 683 459 724 τιῦν
493 680 595 722 υἱιῦν
626 675 870 735 Ἀμαραίου
899 679 1106 736 τοιαύτην
1139 676 1386 734 ἀπέλαβον·
1420 676 1546 722 αι’-τοί
1575 696 1621 722 τε
1651 678 1733 735 γὰρ
1757 675 1879 722 οὗτοι

218 752 290 793 καὶ
330 749 370 792 οἱ
413 747 705 801 συνεπόμενοι
743 746 918 797 τούτοις
960 749 1087 804 φίλοι
1126 749 1199 790 καὶ
1237 756 1436 802 γυναῖκες
1477 743 1619 789 αὐτῶν
1648 749 1722 790 καὶ
1752 750 1880 790 τέκνα

221 815 532 874 διεφθάρησαν
563 812 686 865 ὄντες
715 814 1007 870 τετρακόσιοι.

330 890 368 927 5.
400 888 549 938 Σίμων
579 883 658 938 μὲν
691 880 765 925 σύν
795 885 869 926 καὶ
894 879 1109 940 Ἰωνάθης
1141 882 1203 933 εἷς
1233 881 1288 924 τὰ
1320 882 1392 939 ἕλη
1425 885 1502 925 τοῦ
1534 884 1739 937 ποταμοῦ
1766 879 1880 925 ὗπο-
1910 886 1964 926 22

218 954 488 1008 στρέψαντες
519 946 684 994 αύτόθι
714 954 963 1005 κατέμενον.
1024 951 1242 1008 Βακχίδης
1273 951 1320 994 δὲ
1350 949 1428 1006 την
1452 946 1666 994 Ἰουδαίαν
1700 945 1880 993 ἅπασαν

218 1028 433 1077 φρουραῖς
464 1014 828 1076 ἀσφαλισάμενος
857 1016 1137 1073 ὑπέστρεψεν
1168 1017 1282 1074 πρὸς
1311 1017 1388 1061 τὸν
1417 1019 1618 1073 βασιλέα.
1677 1020 1750 1061 καὶ
1781 1017 1881 1061 τότε

216 1087 296 1142 μὲν
327 1082 400 1130 ἐπ’
427 1085 499 1143 ἔτη
533 1085 610 1129 δύο
640 1085 695 1128 τὰ
726 1088 814 1129 τῶν
842 1082 1063 1130 Ἰουδαίων
1084 1082 1299 1144 ἠρέμησεν
1329 1085 1583 1142 πράγματα.
1643 1086 1685 1129 οἱ
1718 1086 1764 1128 δὲ
1796 1102 1880 1142 φυ-
1912 1090 1965 1131 23

216 1155 346 1212 γάδες
375 1156 446 1198 καὶ
480 1155 523 1198 οἱ
555 1150 730 1209 ἀσεβεῖς
751 1151 939 1209 ὁρῶντες
958 1149 1268 1211 τὸνἸωνάθην
1297 1155 1368 1197 καὶ
1397 1152 1500 1204 τοὺς
1531 1152 1608 1196 σὺν
1631 1149 1748 1209 αὐτῷ
1768 1152 1880 1208 μετὰ

218 1225 386 1281 πολλῆς
419 1218 571 1272 ἀδείας
602 1221 957 1277 ἐνδιατρίβοντας
986 1224 1039 1279 τῇ
1065 1221 1189 1279 χώρᾳ
1220 1221 1294 1265 διὰ
1324 1221 1403 1280 τὴν
1433 1221 1604 1280 εἰρήνην
1626 1224 1882 1276 πέμπουσιν

217 1291 332 1346 πρὸς
351 1290 605 1348 Δημήτριον
636 1288 712 1333 τὸν
742 1290 943 1345 βασιλέα,
975 1291 1334 1345 παρακαλοῦντες
1365 1286 1631 1333 ἀποστεῖλαι
1662 1290 1881 1347 Βακχίδην

218 1359 295 1403 ἐπὶ
325 1357 403 1416 τὴν
428 1354 642 1402 Ἰωνάθου
675 1357 916 1414 σύλληψιν·
957 1356 1135 1415 ἐδηλουν
1165 1357 1247 1413 γὰρ
1280 1354 1414 1414 αὐτὴν
1446 1354 1626 1408 ἀπόνως
1658 1356 1880 1415 ἐσομένην,

216 1429 290 1471 καὶ
312 1428 429 1470 νυκτὶ
451 1428 533 1483 μιᾷ
553 1424 610 1482 μὴ
635 1425 945 1480 προσδοκῶσιν
968 1421 1118 1475 αὐτοῖς
1140 1425 1432 1476 ἐπιπεσόντες
1460 1422 1717 1469 ἀποκτενεῖν
1735 1420 1881 1469 ἅπαν-

216 1511 308 1545 τας.
367 1496 444 1536 τοῦ
477 1494 523 1536 δὲ
553 1495 773 1548 βασιλέως
803 1492 1114 1549 ἐκπέμψαντος
1141 1493 1218 1536 τὸν
1240 1494 1470 1551 Βακχίδην,
1500 1493 1732 1550 γενόμενος
1754 1489 1882 1544 οὗτος
1911 1498 1965 1538 24

219 1562 263 1606 ἐν
294 1564 345 1619 τῇ
370 1558 562 1619 Ἰουδαίᾳ
594 1563 732 1604 πᾶσιν
765 1560 957 1616 ἔγραψεν
986 1570 1081 1612 τοῖς
1102 1563 1253 1618 φίλοις
1273 1564 1346 1605 καὶ
1362 1558 1593 1612 Ἰουδαίοις
1613 1563 1684 1604 καὶ
1708 1561 1880 1616 συμμά-

150 1638 188 1672 20
214 1646 312 1684 χοις
343 1630 575 1684 συλλαβεῖν
606 1624 727 1685 αι’·τῴ
758 1628 835 1671 τὸν
859 1624 1088 1686 Ἰωνάθην.
1149 1629 1490 1682 σπουδαζόντων
1521 1629 1567 1672 δὲ
1598 1629 1778 1672 πάντων
1807 1630 1882 1672 καὶ
1912 1634 1965 1673 25

217 1697 275 1755 μὴ
308 1697 558 1751 δυναμένων
587 1698 803 1752 κρατῆσαι
832 1698 911 1739 τοῦ
935 1692 1164 1749 Ἰωνάθου,
1197 1696 1472 1754 ἐφυλάσσετο
1493 1696 1575 1753 γὰρ
1598 1696 1773 1754 σφόδρα
1803 1695 1882 1753 τὴν

217 1763 456 1822 ἐπιβουλὴν
486 1759 754 1822 ᾐσθημένος,
786 1761 808 1807 ὅ
842 1764 1059 1822 Βακχίδης
1089 1760 1319 1820 ὀργισθεὶς
1348 1773 1442 1815 τοῖς
1473 1764 1664 1821 φυγάσιν
1692 1761 1750 1815 ὡς
1772 1772 1882 1819 ψευ-

217 1835 426 1888 σαμένοις
465 1828 598 1874 αὐτόν
635 1847 684 1875 τε
712 1833 786 1875 καὶ
816 1831 893 1875 τὸν
922 1833 1110 1887 βασιλέα
1140 1832 1411 1889 πεντήκοντα
1442 1828 1585 1875 αὐτῶν
1619 1831 1723 1883 τοὺς
1752 1830 1881 1888 ἡγου-

217 1903 374 1956 μένους
406 1897 636 1954 συλλαβών
668 1895 934 1943 ἀπέκτεινεν.
994 1897 1016 1943 ὁ
1051 1900 1098 1943 δὲ
1123 1895 1338 1957 Ἰωνάθης
1369 1899 1447 1943 σὺν
1467 1896 1677 1958 τάδελφῷ
1697 1903 1768 1944 καὶ
1789 1911 1883 1952 τοῖς
1913 1905 1967 1946 26

220 1967 414 2024 ἑταίροις
444 1967 508 2018 εἷς
538 1965 813 2024 Βηθαλαγὰν
845 1963 1062 2024 ἀναχωρεῖ
1090 1967 1239 2025 κώμην
1270 1958 1406 2010 οὖσαν
1431 1967 1475 2011 ἐν
1495 1970 1549 2025 τῇ
1571 1967 1717 2027 ἐρήμῳ
1739 1973 1882 2027 φοβη-

218 2039 321 2088 θεὶς
348 2035 426 2080 τὸν
456 2035 689 2092 Βακχίδην,
729 2036 800 2078 καὶ
839 2035 1135 2092 οἰκοδομήσας
1163 2035 1358 2092 πύργους
1386 2037 1458 2079 καὶ
1489 2031 1608 2093 τείχη
1641 2037 1882 2092 περιβαλό-

332 2175 352 2214 ς·
380 2174 420 2207 19
444 2189 489 2201 =
518 2174 546 2206 1.
571 2171 737 2206 Maccab.
762 2171 815 2205 IX
839 2174 900 2215 393
925 2172 947 2216 ξ
973 2173 1014 2205 22
1039 2190 1083 2201 =
1109 2175 1140 2207 1.
1159 2172 1324 2207 Maccab.
1351 2171 1404 2206 IX
1429 2175 1483 2206 57.

331 2294 617 2330 PFLAMVWE
628 2294 700 2329 Lat
712 2295 874 2330 Zonaras
898 2294 915 2329 I
939 2306 974 2339 p.
1001 2297 1079 2331 376.

333 2356 348 2387 1
377 2352 600 2397 *λαχῶντεσ
625 2351 670 2384 W
764 2351 803 2387 δὲ
826 2350 1081 2387 FLAMVWE
1175 2351 1282 2389 *ι”δον
1306 2352 1337 2387 L
1431 2355 1450 2387 2
1474 2348 1642 2394 *αὖτοῖς]
1666 2358 1752 2389 τοῖσ
1776 2352 1804 2387 Ρ

218 2410 239 2444 3
264 2404 441 2445 *πάντασ
465 2407 496 2441 L
589 2410 608 2441 5
634 2409 703 2443 τοῦ
727 2401 892 2453 ἀδελφοῦ
915 2407 979 2442 ΡΕ
1072 2411 1092 2442 6
1116 2407 1213 2445 *τοῦ
1237 2403 1430 2455 α’μαραίου
1452 2409 1483 2443 F
1562 2406 1785 2456 *ὑπέλαβον
1808 2409 1837 2444 P

217 2477 260 2501 τε
284 2474 352 2500 om.
377 2462 534 2498 AMWE
616 2467 634 2498 7
661 2460 812 2506 τούτοις
835 2474 903 2499 om.
929 2463 1184 2499 FLAMVWE
1277 2467 1367 2502 *καὶ
1391 2462 1438 2502 τὰ
1463 2465 1576 2502 τέκνα
1600 2466 1640 2501 Μ
1711 2468 1730 2500 8
1755 2479 1885 2514 τετρα-

218 2517 357 2562 κόσιοι]
389 2516 446 2556 ὥσ
469 2518 713 2565 τετρακόσιοι
737 2520 893 2555 AMWE
1031 2524 1051 2556 9
1076 2517 1179 2567 *ξ’λη]
1209 2532 1359 2557 nemora
1382 2521 1453 2556 Lat
1592 2526 1630 2558 11
1656 2525 1882 2570 *φρουραῖς1

220 2582 444 2624 ·φρουραῖσ,
470 2581 604 2621 ουραῖσ
627 2576 650 2613 i.
666 2586 738 2612 ras.
757 2577 796 2611 M
865 2573 1004 2622 *πρὸς]
1030 2576 1086 2613 εἰσ
1108 2569 1155 2611 Μ’
1219 2580 1259 2613 12
1285 2576 1375 2614 *ἐπὶ
1390 2578 1512 2613 AMW
1584 2580 1623 2614 13
1651 2577 1689 2616 οἳ
1712 2590 1786 2615 om.
1805 2580 1838 2615 E

220 2630 354 2677 *μετὰ,
376 2646 404 2677 μ
426 2642 471 2668 ex
495 2646 519 2668 α
545 2643 637 2668 corr.
662 2632 694 2667 L
765 2636 807 2668 14
830 2628 969 2669 *α’δίασ
991 2632 1020 2667 Ρ
1115 2635 1155 2668 16
1179 2631 1312 2679 ἐδήλου
1334 2633 1368 2668 V
1451 2638 1490 2670 17
1508 2632 1768 2680 προσδοκόσιν
1790 2636 1839 2671 W

219 2686 477 2726 ἐπιπεσόντασ
499 2688 689 2725 LAMVW
787 2684 1029 2726 ἀποκτείνειν
1052 2689 1080 2723 Ρ
1105 2684 1331 2726 ἄποκτένειν
1355 2690 1402 2724 W
1496 2693 1538 2725 18
1562 2691 1585 2727 i.
1603 2702 1713 2735 marg.
1739 2686 1783 2739 β’
1805 2692 1837 2727 L

225 2747 266 2780 19
289 2747 352 2781 καὶ
377 2741 596 2791 συμμάχοις]
626 2748 690 2782 καὶ
719 2743 942 2792 συμμάχουσ
966 2745 1013 2780 W
1044 2746 1223 2780 auxiliari
1245 2746 1314 2781 sibi
1337 2746 1408 2782 Lat
1545 2751 1588 2783 20
1613 2745 1807 2790 *πάντων1
1832 2749 1885 2784 eis

222 2799 296 2836 Lat
384 2803 423 2836 21
450 2798 682 2858 ἐφυλάττετο
707 2802 737 2836 F
740 2802 963 2838 LAMVWE
1056 2799 1205 2848 σφόδρα
1223 2813 1290 2838 om.
1308 2803 1341 2838 V
1434 2807 1476 2839 22
1501 2799 1725 2851 ᾐσθημένος]
1751 2803 1884 2842 αἰσθό-

223 2890 344 2923 μενοσ
365 2879 485 2914 AMW
509 2859 727 2926 ἔόθόμενοσ
749 2882 780 2916 L
871 2883 913 2916 23
939 2876 1076 2923 αὐτῶν]
1101 2879 1142 2924 ἐξ
1164 2876 1288 2918 αὐτῶν
1311 2881 1422 2917 ΑΜΕ
1513 2886 1555 2918 25
1581 2882 1784 2930 *ἑταίροις]
1809 2882 1885 2922 ἑτέ-

225 2946 313 2981 ρθισ
335 2934 377 2977 F,
402 2945 469 2971 om.
493 2938 542 2973 V¹
569 2935 636 2975 σὺν
661 2933 764 2975 αὐτῶ
788 2939 904 2983 suppl.
922 2948 968 2974 m.
987 2940 1007 2972 2
1024 2937 1058 2973 V
1156 2935 1383 2986 βηθάλαγαν
1405 2940 1480 2975 ΑΜ
1504 2939 1728 2986 uithalaqam
1753 2941 1884 2983 (nitha-

224 2990 347 3036 9alam
371 2991 449 3027 cod.
474 2992 638 3039 Neapol.)
662 2995 733 3030 Lat
755 2995 949 3042 Βαιθβασί
973 2994 1090 3029 Maec.
1184 2995 1226 3028 26
1251 2995 1584 3045 περιβαλλόμενοσ
1606 2997 1793 3034 FLMWE
