2029 3392
54 938 89 971 10

51 1279 86 1311 15

51 1619 88 1652 20

525 210 685 255 ANTIQ.
711 209 807 246 IUD.
835 209 922 245 XIII
948 214 1126 247 335—300
1151 215 1275 254 (xuna.
1295 216 1348 246 xv.
1369 218 1396 254 ι)
1708 213 1787 250 223

127 324 229 376 τοὺς
260 324 338 368 σύν
370 319 487 380 αύτῷ
519 325 637 380 σφᾶς
667 323 959 378 παραδοῦναι.
1013 324 1464 381 λαφυραγωγήσαντες
1496 324 1542 365 δὲ
1574 323 1627 366 τὰ
1661 324 1704 367 ἐν
1740 329 1786 382 ''lJ

124 392 247 450 χώρᾳ
278 394 347 435 καὶ
378 390 454 434 τὸν
474 390 726 448 Δημήτριον
758 390 1094 446 παραλαβόντες
1124 391 1201 434 τὸν
1231 393 1310 446 μὲν
1341 393 1403 448 τῷ
1430 391 1692 448 Μιθριδάτῃ
1726 395 1786 448 τῷ

126 460 227 503 τότε
255 459 535 515 βασιλεύοντι
568 457 770 514 Πάρθων
806 458 1028 512 ἔπεμψαν,
1070 461 1156 502 τῶν
1189 460 1232 501 δ’
1260 459 1546 514 αἰχμαλώτων
1586 458 1660 508 οὓς
1690 455 1786 501 Ἀν-

124 531 306 583 τιοχέων
336 525 448 571 εἶναι
480 527 667 576 πολίτας
698 528 925 580 συνέβαινε
967 522 1148 576 τούτοις
1179 537 1341 582 προῖκα
1371 537 1465 578 τοῖς
1492 523 1786 580 Ἀντιοχεῦσιν

126 591 372 638 ἀπέδωκαν.
443 593 733 650 Μιθριδάτης
774 589 816 635 δ’
853 590 875 636 0‘
917 595 1003 636 τιῦν
1043 594 1247 650 Πάρθων
1284 594 1491 649 βασιλεύς
1531 594 1785 652 Δημήτριον

126 660 236 717 εἶχεν
268 662 311 705 ἐν
339 663 444 718 τιμῇ
474 663 527 718 τῇ
558 661 679 718 πάσῃ
711 663 837 716 μέχρι
868 660 985 717 νόσῳ
1006 664 1277 717 και-έστρεψε
1299 662 1556 720 Δημήτριος
1576 661 1652 704 τὸν
1672 666 1785 717 βίον.

127 731 359 779 Φίλιππος
390 729 436 771 δὲ
467 724 556 771 ἀπὸ
588 731 666 784 τῆς
695 727 834 785 μάχης
856 724 992 779 εὐθὺς
1015 728 1076 779 εἷς
1096 724 1366 783 Ἀντιόχειαν
1388 729 1535 773 ἐλθών
1556 731 1628 773 καὶ
1650 747 1786 772 κατα-

124 796 237 851 σχών
268 792 400 852 αὐτὴν
431 794 711 850 ἐβασίλευσεν
741 799 818 854 τῆς
849 800 1023 852 Συρίας.

233 866 326 908 XV.
362 869 398 907 1.
435 860 624 907 ’Ἔπειτα
661 860 884 918 Ἀντίοχος
928 860 950 906 0‘
997 865 1179 920 κληθεὶς
1217 864 1436 915 Διόνυσος
1483 861 1678 923 ἀδελφὸς
1724 860 1785 908 (ἣν

121 933 379 984 Φιλίππου,
419 934 497 989 τῆς
537 927 668 988 ἀρχῆς
708 928 1075 986 ἀντιποιούμενος
1111 931 1174 982 εἷς
1204 932 1446 986 Δαμασκὸν
1478 938 1783 989 παραγίνεται,

119 1000 191 1043 καὶ
212 1002 299 1042 τῶν
317 999 404 1043 ἐκεῖ
422 1001 695 1056 πραγμάτιον
718 998 925 1056 ἐγκρατὴς
945 998 1175 1055 γενόμενος
1198 998 1493 1054 ἐβασίλευσεν.
1526 1000 1784 1057 ἐκστρατεύ-

119 1081 277 1119 σαντος
299 1067 345 1111 δὲ
368 1067 443 1112 ἐπὶ
464 1067 567 1119 τοὺς
586 1065 779 1125 Ἄραβας
811 1064 944 1111 αὐτοῦ
969 1068 1203 1117 Φίλιππος
1234 1064 1256 1111 ὁ
1281 1063 1476 1126 ἀδελφὸς
1504 1064 1625 1111 τοῦτ’
1654 1065 1784 1112 ἀκού-

119 1149 200 1185 σας
221 1134 297 1179 ἒπὶ
318 1136 560 1191 Δαμασκὸν
584 1128 734 1194 ἦλθεν.
786 1137 1015 1192 ,Μιλησίου
1038 1131 1097 1188 δ’,
1129 1134 1178 1186 ὂς
1198 1137 1516 1180 καταλέλειπτο
1549 1139 1625 1194 τῆς
1648 1134 1784 1192 ἶῖκρας

117 1202 265 1260 φύλαξ
292 1206 364 1247 καὶ
395 1207 482 1247 τῶν
512 1207 830 1262 Δαμασκηνῶν,
872 1202 1153 1259 παραδόντος
1185 1200 1303 1259 αύτῷ
1333 1203 1411 1261 την
1443 1204 1589 1254 πόλιν,
1633 1200 1784 1259 ἇχάρι-

116 1285 220 1321 στος
265 1270 328 1322 εἷς
374 1268 507 1315 αὐτὸν
545 1272 776 1328 γενόμενος
818 1273 891 1314 καὶ
931 1270 1066 1327 μηδὲν
1107 1267 1167 1313 ιῧν
1207 1271 1393 1322 ἐλπίσας
1433 1270 1611 1323 ἐδέξατο
1653 1269 1784 1316 αὐτὸν

118 1338 370 1392 παρασχών,
404 1335 514 1382 ἀλλὰ
536 1343 597 1396 τῷ
620 1336 731 1396 παρ’
760 1335 893 1382 αὐτοῦ
920 1338 1048 1395 φόβῳ
1078 1339 1319 1396 βουληθεὶς
1341 1340 1483 1383 δοκεῖν
1505 1342 1782 1395 παραλαβεῖν

117 1406 194 1463 τὴν
226 1407 359 1450 πόλιν
392 1401 416 1464 ἢ
446 1410 500 1465 τῇ
528 1408 675 1464 χάριτι
704 1410 757 1464 τῇ
790 1408 1018 1464 Μιλησίου
1060 1406 1336 1468 δωρούμενος
1376 1404 1508 1451 αὐτὸν
1541 1407 1608 1458 οἷς
1644 1407 1781 1464 ἐχρῆν,

119 1471 405 1518 ὑπωπτεύετο
437 1477 508 1518 καὶ
540 1476 675 1519 πάλιν
708 1475 916 1518 ἐκπίπτει
946 1477 1022 1532 τῆς
1051 1477 1314 1530 Δαμασκοῦ·
1348 1473 1669 1531 ἐξορμήσαντος
1698 1474 1781 1532 γὰρ

119 1538 252 1584 αὐτοῦ
292 1542 355 1593 εἷς
394 1542 678 1599 ἱππόδρομον
719 1540 976 1586 ἀπέκλεισεν
1008 1541 1030 1586 ὁ
1064 1542 1291 1601 ,Μιλήσιος
1329 1544 1402 1585 καὶ
1432 1542 1509 1601 τὴν
1539 1542 1782 1598 Δαμασκὸν

116 1605 326 1667 Ἀντιόχῳ
358 1610 630 1667 διεφύλαξεν.
690 1610 739 1662 ὂς
771 1607 960 1661 ἀκούσας
989 1610 1044 1653 τὰ
1075 1613 1179 1665 περὶ
1208 1610 1285 1654 τὸν
1310 1612 1545 1654 Φίλιππον
1566 1609 1781 1666 ὑπέστρε-

118 1685 202 1733 ψεν
233 1677 278 1720 ἐκ
318 1680 394 1734 τῆς
424 1675 654 1734 Ἀραβίας,
695 1679 980 1735 στρατεύεται
1020 1675 1059 1722 δ’
1096 1675 1231 1729 εὐθὺς
1270 1677 1414 1721 ἐλθὼν
1455 1679 1530 1723 ἐπὶ
1570 1679 1648 1736 τὴν
1673 1675 1781 1722 Ἰου-

116 1744 246 1788 δαίαν
276 1742 486 1796 ὁπλίταις
515 1746 595 1801 μὲν
616 1743 969 1801 ὀκτακισχιλίοις,
1004 1747 1191 1790 ἱππεῦσι
1216 1746 1262 1789 δὲ
1284 1742 1573 1796 ὀκτακοσίοις.
1631 1745 1781 1794 δείσας

114 1811 161 1855 δὲ
190 1808 476 1867 Ἀλέξανδρος
505 1813 584 1871 τὴν
615 1814 778 1871 ἔφοδον
808 1810 943 1858 αὐτοῦ
974 1814 1145 1871 τάφρον
1176 1810 1349 1869 ὀρύττει
1367 1817 1560 1868 βαθεῖαν
1591 1809 1680 1856 ἀπὸ
1703 1814 1781 1870 τῆς

225 1927 246 1969 ᾖ
271 1928 337 1961 389
362 1943 406 1955 =
431 1926 514 1962 bell.
539 1926 617 1961 Iud.
643 1926 661 1961 I
685 1929 740 1962 99.

223 2015 506 2052 PFLAMVWE
517 2017 587 2052 Lat
600 2017 760 2053 Zonaras
784 2017 801 2051 Ι
824 2028 860 2062 p.
887 2020 965 2053 394.

228 2075 243 2107 1
270 2069 370 2115 τοὺς]
395 2075 441 2120 τῆ
464 2075 554 2120 δίψη
578 2071 671 2110 ‘coi-6
695 2074 726 2108 E
831 2076 971 2120 *σφᾶς]
997 2085 1076 2109 eum
1100 2073 1172 2109 Lat
1271 2077 1290 2109 2
1316 2071 1547 2122 *μηθριδάτη
1570 2074 1601 2108 L
1695 2075 1781 2122 *τῷ

111 2138 180 2164 om.
203 2128 234 2162 L
328 2131 347 2163 3
373 2129 410 2166 δὲ
434 2129 465 2164 Ε
557 2127 847 2176 *αἰχμαλώτων1
873 2127 1082 2176 άντιοχέων
1106 2130 1139 2166 V
1236 2126 1342 2174 *οῧς]
1370 2124 1489 2167 ὅσουσ
1512 2129 1734 2164 FLAMVW

110 2179 369 2231 *Ἀντιοχέων1
395 2182 662 2231 αἰχμαλώτονσ
685 2187 718 2223 V
809 2191 830 2222 4
854 2188 1041 2230 *πολίτας
1065 2197 1134 2222 om.
1159 2187 1191 2221 V
1285 2190 1303 2221 5
1329 2187 1367 2223 δὲ
1392 2185 1611 2221 FLAMVW
1681 2182 1779 2221 *τὸν

109 2239 311 2289 δημήτριον
339 2241 561 2277 FLAMVW
706 2246 726 2277 6
756 2243 892 2290 *μέχρι
922 2241 1037 2290 νόσῳ]
1069 2243 1203 2291 μέχρισ
1236 2237 1280 2280 οὗ
1311 2243 1340 2278 Ρ
1369 2254 1481 2286 usque
1514 2253 1586 2287 quo
1617 2241 1688 2276 Lat

109 2298 412 2346 *κατέσΙστρεψε
437 2297 468 2333 L
584 2302 602 2332 7
629 2298 721 2341 *εἰς]
746 2297 808 2335 ἐπὶ
831 2299 896 2335 FV
919 2295 982 2336 ἐπ’
1008 2300 1163 2334 LAMW
1293 2302 1313 2335 9
1338 2300 1361 2333 i.
1386 2309 1496 2343 marg.
1520 2293 1583 2334 κδ’
1599 2299 1630 2334 L
1654 2295 1720 2345 κγ’
1744 2298 1777 2332 Ε

109 2352 277 2390 XXIIII
294 2354 366 2389 Lat
480 2352 676 2398 Διόνυσος]
702 2353 893 2392 διονύσιοσ
916 2355 1104 2390 LAMWE
1130 2355 1218 2391 liber
1237 2360 1348 2402 pater
1370 2356 1441 2390 Lat
1566 2359 1606 2391 10
1631 2355 1729 2398 *εἰσ,
1754 2367 1778 2392 σ

109 2411 133 2447 i.
150 2421 221 2446 ras.
241 2413 261 2445 2
277 2410 345 2446 litt.
364 2421 410 2446 m.
433 2414 449 2447 1
468 2412 501 2447 V
595 2416 628 2446 11
658 2414 722 2448 καὶ
739 2433 782 2437 -—
799 2410 1053 2459 ἐβασίλευσεν]
1080 2411 1200 2458 ibique
1223 2412 1395 2459 reqnauz't
1416 2413 1487 2446 Lat
1579 2413 1684 2448 *τῶν
1707 2422 1776 2447 om.

109 2466 138 2501 P
219 2464 454 2515 πραγμάτων
479 2488 519 2492 —
547 2465 754 2514 γενόμενος
779 2479 848 2504 om.
874 2469 906 2503 E
999 2466 1184 2517 ἐγκρατὴς
1206 2465 1414 2515 γενόμενος
1439 2479 1505 2504 om.
1531 2469 1595 2504 PV
1672 2471 1713 2503 12
1738 2464 1775 2505 δ’

110 2521 162 2564 (δὲ
183 2523 230 2566 Ε)
255 2518 371 2560 αὐτοῦ
394 2522 456 2560 ἐπὶ
480 2522 573 2562 τοὺσ
598 2523 752 2571 α’ραβιισ
777 2529 821 2560 tr.
847 2524 1100 2561 FLAMVWE
1129 2529 1134 2535 ’
1186 2521 1306 2567 τοῦτ’]
1332 2528 1450 2562 ταῦτα
1474 2524 1729 2560 FLAMVWE

113 2580 154 2612 13
170 2580 352 2626 μηλησίου
368 2579 396 2614 P
414 2582 600 2627 μιλησιόυ,
615 2585 701 2628 μιλη
717 2582 740 2617 i.
758 2591 827 2616 ras.
846 2581 876 2616 F
948 2582 986 2618 δὲ
1010 2581 1041 2616 Ε
1110 2581 1376 2618 κατελέλειπτο
1394 2581 1532 2616 LAME
1551 2582 1774 2619 κατέλειπτο

110 2633 159 2669 W
239 2638 279 2670 14
296 2635 395 2678 *καὶ]
413 2637 521 2671 simul
536 2648 616 2673 cum
633 2638 702 2672 Lat
717 2634 814 2682 μετὰ
830 2637 980 2673 Hudson
996 2634 1092 2682 μετὰ
1109 2639 1173 2674 καὶ
1190 2637 1377 2673 Holwerda
1465 2641 1504 2673 15
1524 2635 1776 2684 *γενόμενοω

112 2701 131 2726 ε
145 2695 228 2734 post
243 2705 266 2737 y
281 2700 326 2726 ex
343 2703 433 2728 corr.
459 2693 489 2727 F
586 2697 625 2729 16
650 2689 775 2741 *παρ’
794 2690 896 2731 αὐτῶ
915 2694 949 2730 V
1040 2695 1219 2740 *βληθεὶσ
1242 2694 1276 2729 V
1367 2691 1632 2741 *παραλαβὼν
1655 2694 1729 2730 AM

114 2747 153 2780 17
180 2748 225 2791 τῇ
250 2749 448 2794 Μιλησίου]
472 2752 518 2796 τῆ
540 2749 712 2797 μιλησίου
735 2747 784 2797 μὴ
809 2751 844 2792 (i.
862 2760 934 2786 ras.
960 2751 1166 2795 angustiore
1189 2761 1235 2785 m.
1255 2753 1273 2784 2
1291 2751 1337 2792 A)
1355 2750 1428 2785 AM
1498 2748 1716 2799 δωρούμενο
1730 2763 1775 2787 ·σ

112 2802 215 2843 (θῖὃδο
239 2802 310 2838 uid·
335 2807 369 2845 v)
392 2805 426 2838 A
521 2808 561 2841 18
586 2805 848 2855 ἐξορμήσαντα
873 2805 947 2855 γὰρ
973 2802 1091 2844 αὐτὸν
1113 2806 1367 2841 FLAMVWE
1441 2810 1480 2842 19
1506 2805 1774 2853 *ἰοπόδρομον

112 2856 152 2892 Μ
174 2853 395 2904 ὑπόδρομον
419 2861 466 2896 W
581 2860 675 2910 *τὴν
699 2866 882 2908 δαμασκιῦ
903 2863 933 2897 L
1079 2865 1120 2898 20
1145 2860 1356 2909 *ἐφύλαξεν
1379 2863 1410 2897 L
1527 2860 1580 2906 ὃς]
1606 2860 1664 2900 ὡσ
1687 2864 1726 2901 δὲ
1742 2863 1773 2898 F

115 2910 136 2950 ὃ
161 2912 199 2990 δὲ
220 2913 440 2952 LAMVWE
578 2922 617 2954 21
646 2915 693 2961 δ’]
720 2930 787 2955 om.
813 2920 877 2956 FV
902 2919 940 2956 δὲ
962 2919 1118 2954 LAMW
1256 2922 1298 2954 22
1325 2915 1628 2966 ὃκτακισχιλίουσ
1651 2919 1681 2954 L

113 2971 155 3004 23
205 2969 254 3011 δὲ]
280 2969 318 3006 δὲ
343 2968 363 3007 ὃ
387 2972 427 3007 Μ

1819 600 1899 640 386

1818 869 1898 911 387

1816 1141 1895 1183 388

1814 1481 1894 1523 389

1813 1753 1893 1794 390
