2107 3377
195 434 278 475 352

197 838 277 879 353

197 1243 278 1284 354
317 1247 326 1253 “

307 182 391 220 304
731 182 893 226 ANTIQ.
917 182 1012 218 IUD.
1037 183 1124 219 XIV
1147 186 1327 219 351-356
1351 187 1437 226 (XIII.
1452 187 1553 227 6-8)

307 296 472 349 παῖδα,
515 295 580 339 ἔτι
617 296 784 349 μᾶλλον
823 293 1063 338 ὑπώπτευε
1099 295 1204 347 τοὺς
1233 296 1464 353 Πάρθους.
1525 297 1568 340 οἱ
1607 297 1687 351 μὲν
1728 287 1803 340 οὖν
1843 293 1972 342 ὂῖλλοι

308 363 443 420 ταύτῃ
477 359 526 406 ού
558 372 808 418 προσεῖχον,
843 359 974 413 αὐτὸς
1005 359 1048 406 δ’
1075 362 1304 407 ἐπίστευεν
1336 365 1434 407 λίαν
1465 363 1655 422 ἔμφρονι
1682 368 1868 420 γυναικί.

425 435 462 473 7.
496 431 835 484 Βουλευομένων
867 431 914 474 δὲ
943 433 1030 474 τῶν
1055 431 1272 486 Πάρθων,
1303 436 1348 474 τί
1374 430 1453 488 χρὴ
1486 441 1647 485 ποιεῖν,
1679 427 1728 475 οὗ
1759 430 1841 487 γὰρ
1871 428 1973 488 ἤρε-

308 513 407 541 σκεν
439 494 590 549 αὐτοῖς
621 498 666 541 ἐκ
695 501 772 541 τοῦ
804 501 998 556 φανεροῦ
1030 498 1267 556 ἐπιχειρεῖν
1299 495 1425 555 ἀνδρὶ
1446 498 1701 557 τηλικούτῳ,
1731 500 1806 542 καὶ
1835 496 1973 556 ὕπερ-

307 569 509 620 θεμένων
546 566 609 616 εἰς
647 565 724 622 τὴν
754 563 1012 622 ὑστεραίαν,
1054 565 1098 609 ἐν
1128 567 1357 617 τοιαύταις
1386 575 1600 623 ταραχαῖς
1626 564 1822 623 Ἡρώδης
1850 566 1975 623 γενό-

306 649 436 687 μενος
465 635 539 676 καὶ
568 634 738 688 μᾶλλον
771 633 838 685 οἷς
868 631 1048 692 ἤκουσεν
1072 636 1176 689 περὶ
1199 630 1425 692 τάδελφοῦ
1447 637 1520 678 καὶ
1542 637 1619 693 τῆς
1639 634 1843 688 Πάρθων
1874 632 1974 678 ἐπι-

306 703 414 755 Ιὼόυλ
405 703 467 759 ῆς
499 694 523 758 ἢ
552 710 647 752 τοῖς
679 701 896 752 ἐναντίοις
927 705 1296 784 προστιθέμενος,
1329 701 1522 758 εσπέρας
1555 701 1834 759 ἐπελθούσης
1865 701 1974 758 έγνω

308 768 443 825 ταύτῃ
484 767 599 823 πρὸς
639 769 778 827 φυγὴν
815 770 1072 826 χρήσασθαι
1112 771 1184 812 καὶ
1215 769 1272 826 μὴ
1309 770 1558 824 διαμέλλειν
1591 786 1651 820 ως
1682 765 1756 812 ἐπ’
1793 765 1975 828 ἀδήλοις

308 846 404 888 τοῖς
435 833 527 881 άπὸ
559 840 647 881 τῶν
679 840 906 893 πολεμίων
936 838 1166 888 κινδύνοις.
1228 835 1337 893 ἒὲρας
1377 836 1451 880 οὖν
1493 853 1570 881 συν
1604 837 1670 888 οἷς
1701 835 1812 891 εἶχεν
1842 834 1976 881 ὁπλί-

308 921 407 956 ταις
428 907 499 948 καὶ
521 905 602 956 τὰς
622 915 828 962 γυναῖκας
853 915 947 956 τοῖς
977 922 1066 948 υπο
1073 904 1234 960 ζυγίοις
1266 903 1535 959 ἐπιθέμενος
1564 908 1733 963 μητέρα
1761 921 1810 948 τε
1842 900 1977 948 αὐτοῦ

308 975 381 1016 καὶ
413 968 610 1030 ἀδελφὴν
640 976 713 1017 καὶ
743 973 798 1032 ἢν
830 973 1006 1028 έμελλεν
1039 970 1090 1023 άς
1073 972 1233 1015 ζεσθαι
1263 971 1378 1028 πρὸς
1407 973 1548 1028 γάμον
1568 969 1858 1029 Ἀλεξάνδρου
1889 975 1976 1016 θυ-

308 1044 470 1096 γατέρα
500 1044 578 1084 τοῦ
607 1038 949 1098 Ἀριστοβούλου
981 1039 1146 1090 παιδὸς
1176 1039 1254 1097 τήν
1286 1056 1334 1082 τε
1364 1040 1525 1098 ταύτης
1555 1044 1742 1098 μητέρα,
1770 1038 1977 1096 Ὑρκανοῦ

311 1107 354 1151 δ’
380 1107 429 1164 ἠν
460 1109 674 1166 θυγάτηρ,
706 1111 779 1151 καὶ
809 1108 886 1152 τὸν
918 1108 1135 1151 νεώτατον
1163 1103 1359 1164 ἀδελφὸν
1379 1107 1457 1164 τήν
1478 1124 1526 1150 τε
1548 1111 1801 1162 θεραπείαν
1823 1110 1976 1151 πᾶσαν

309 1179 382 1220 καὶ
413 1176 490 1220 τὸν
523 1174 655 1220 ἄλλον
687 1174 815 1230 όχλον
853 1175 930 1219 τὸν
971 1191 1050 1219 συν
1090 1171 1258 1228 αὐτοῖς,
1298 1175 1476 1218 ἐδίωκεν
1516 1175 1594 1234 τὴν
1625 1175 1701 1220 επὶ
1728 1174 1977 1231 Ἰδουμαίας

311 1244 466 1287 λαθών
505 1243 609 1295 τοὺς
648 1246 904 1298 πολεμίους.
965 1241 1026 1285 ὧν
1066 1239 1210 1293 οὐδεὶς
1251 1236 1303 1285 ἂν
1344 1237 1482 1294 οὕτως
1522 1245 1703 1299 στερρὸς
1731 1242 1810 1301 τὴν
1841 1243 1977 1300 φύσιν

310 1309 486 1370 εὗρέθη,
518 1311 567 1363 ὃς
597 1311 699 1355 τότε
730 1311 888 1366 παρών
918 1321 1013 1363 τοῖς
1043 1314 1368 1368 πραττομένοις
1400 1306 1476 1353 οὐκ
1507 1304 1560 1354 ἂν
1592 1307 1796 1368 ᾤκτειρεν
1819 1307 1977 1363 αὐτοὺς
2036 1342 2038 1346 >

307 1383 384 1438 τῆς
404 1379 545 1438 τύχης,
576 1383 768 1437 γυναίων
790 1379 1076 1435 ἐπαγομένων
1102 1375 1241 1436 νήπια
1272 1382 1400 1421 τέκνα
1430 1380 1501 1422 καὶ
1533 1378 1645 1433 μετὰ
1677 1379 1873 1435 δακρύων
1903 1379 1976 1422 καὶ

271 1504 274 1506 v
310 1447 503 1504 οἰμωγῆς
543 1444 892 1491 ἀπολειπουσῶν
929 1447 1008 1506 τὴν
1053 1447 1251 1504 πατρίδα
1288 1448 1361 1490 καὶ
1403 1447 1562 1503 φίλους
1601 1446 1645 1489 ἐν
1686 1447 1865 1502 δεσμοῖς
1902 1448 1978 1491 καὶ

197 1583 278 1630 355

198 1853 337 1896 356

309 1518 415 1573 περὶ
448 1512 590 1572 αὐτων
622 1511 791 1559 οὐδὲν
779 1516 845 1559 ε’τι
863 1514 1106 1597 qunlyovdv
1092 1515 1471 1598 προσδεχομένων.

425 1588 464 1628 8.
489 1579 612 1627 Ἀλλ)
634 1581 873 1641 εΗρώδης
857 1583 1008 1627 επάνω
1029 1586 1107 1641 τῆς
1129 1582 1175 1626 ἐκ
1204 1585 1282 1626 τοῦ
1314 1582 1459 1625 δεινοῦ
1490 1583 1660 1640 πληγης
1689 1581 1738 1625 τὸ
1770 1581 1978 1641 φρόνημα

309 1652 613 1710 ποιησάμενος
645 1648 776 1702 αὐτός
806 1668 854 1694 τε
884 1669 935 1708 ην
967 1650 1082 1707 πρὸς
1111 1650 1161 1695 τὸ
1195 1649 1340 1694 δεινὸν
1363 1647 1552 1733 εύψυχος
1572 1651 1645 1692 καὶ
1669 1666 1843 1705 παριων
1864 1649 1977 1693 κατὰ

309 1720 387 1776 τὴν
429 1717 534 1763 οδὸν
573 1724 760 1776 θαρρεῖν
798 1719 980 1763 ε’καστον
1020 1718 1338 1775 παρεκελεύετο
1377 1719 1451 1761 καὶ
1489 1717 1548 1776 μὴ
1595 1721 1802 1773 παρέχειν
1843 1714 1976 1762 αὑτὸν

310 1788 488 1832 ἔκδοτον
519 1790 571 1845 τῇ
604 1788 741 1845 λύπῃ·
770 1791 909 1865 ,τοῦτο
942 1787 1024 1843 γὰρ
1057 1804 1216 1838 aL'covg
1245 1786 1463 1842 βλάπτειν
1496 1783 1608 1840 πρὸς
1637 1785 1715 1842 τὴν
1746 1784 1899 1843 φυγήν,
1932 1784 1976 1829 ἐν

310 1860 335 1914 ,ἡ
368 1856 446 1912 τὴν
479 1859 700 1912 σωτηρίαν
733 1851 883 1906 αὐτοῖς
922 1872 1032 1912 ιιονη
1073 1858 1256 1898 κεῖσθαι
1293 1856 1574 1910 συμβέβηκεν.
1632 1854 1705 1896 καὶ
1736 1853 1780 1896 οἱ
1809 1853 1888 1906 μὲν
1918 1850 1979 1904 ὥς

306 1923 505 1981 Ηρώδης
527 1923 717 1980 παρῄνει
739 1926 891 1980 φέρειν
910 1923 988 1981 τὴν
1011 1939 1244 1980 συμφοράν
1271 1921 1527 1977 επειριῦντο.
1587 1923 1743 1975 μικροῦ
1776 1918 1815 1963 δ’
1845 1917 1978 1964 αὑτὸν

312 1991 570 2050 διεχρήσατο
609 1993 689 2034 τοῦ
729 1991 901 2047 ζεύγους
940 1993 1293 2046 περιτραπέντος
1331 1990 1405 2032 καὶ
1435 1990 1512 2046 τῆς
1541 1989 1707 2045 μητρὸς
1739 1984 1858 2045 αὐτῷ
1887 2005 1979 2032 κιν-

313 2059 581 2117 δυνευσάσης
613 2055 878 2111 ἀποθανεῖν,
912 2058 986 2101 διά
1017 2075 1064 2101 τε
1093 2057 1142 2101 τὸ
1178 2053 1252 2101 ἐπ’
1281 2053 1389 2114 αὐτῇ
1416 2057 1571 2107 πάθος
1601 2058 1672 2099 καὶ
1706 2055 1780 2100 διὰ
1810 2055 1860 2100 τὸ
1893 2072 1979 2114 φο-

425 2174 445 2215 ξ
471 2174 533 2206 351
560 2189 604 2201 =
629 2172 709 2207 bell.
735 2171 813 2206 Iud.
839 2171 857 2206 I
882 2173 958 2205 262.

425 2262 711 2298 PFLAMVWE
721 2262 792 2297 Lat
805 2262 964 2296 Zonaras
988 2261 1005 2295 Ι
1030 2272 1064 2305 p.
1084 2263 1161 2295 412.

430 2324 441 2354 1
471 2322 627 2361 *meldad
654 2318 846 2365 θυγατέρα
871 2318 901 2351 V
1001 2321 1020 2351 2
1046 2312 1175 2362 ταύτῃ]
1201 2312 1293 2362 αὐτῆ
1319 2315 1364 2348 W
1465 2319 1482 2349 3
1509 2315 1784 2360 *βουλομένων
1808 2314 1888 2349 LW

313 2381 329 2410 ’ἲ
358 2373 633 2422 *ἕπελθούσης1
658 2372 954 2423 καταλαβούσησ
979 2374 1016 2408 Μ
1111 2376 1129 2408 8
1157 2370 1323 2419 *ταύτησ
1348 2372 1394 2406 W
1466 2367 1604 2426 9‚c<'7z(*>]
1630 2368 1734 2419 παρὰ
1759 2370 1979 2407 FLAMVW

426 2443 493 2481 σὺν
519 2441 587 2487 οἷς]
611 2445 719 2479 iterat
744 2443 771 2477 F
798 2439 867 2480 οῧσ
892 2442 924 2477 Ε
1017 2439 1144 2488 *εἶχεν
1173 2452 1239 2477 om.
1266 2441 1296 2475 L
1396 2444 1432 2476 10
1457 2427 1698 2484 *ἧιθέμενοα
1722 2455 1733 2475 ι
1757 2449 1802 2474 ex
1829 2451 1860 2476 ει
1885 2447 1977 2474 corr.

312 2502 341 2536 L
366 2498 610 2546 ὗποθέμενοσ
629 2501 665 2535 Μ
691 2500 856 2545 θι-’μενοσ
874 2499 905 2534 V
976 2512 1015 2535 τε
1042 2495 1169 2540 merob]
1195 2496 1331 2535 ἑαυτοῦ
1349 2497 1412 2532 ΡΕ
1440 2499 1477 2534 τὲ
1496 2496 1631 2534 ἑαυτοῦ
1648 2496 1677 2530 F
1754 2499 1789 2531 11
1817 2492 1978 2542 ἄγεσθαι

313 2557 377 2592 FV
403 2556 581 2601 αὔξεσθαι
606 2557 653 2591 W
678 2554 829 2600 ἕξεσθαι
854 2556 887 2591 Ε
964 2559 999 2590 13
1026 2555 1063 2592 δὲ
1089 2555 1120 2589 Ε
1194 2558 1233 2590 14
1258 2552 1508 2599 *ἷδοι-μαιόω
1533 2553 1562 2588 F
1638 2556 1676 2588 15
1703 2547 1802 2589 ούτω
1827 2551 1936 2587 AMV

313 2617 488 2661 στερρῶσ
513 2614 542 2648 L
571 2610 732 2659 ἑτερρὸσ
758 2614 802 2647 W
900 2616 935 2647 1ss
962 2611 1130 2659 (ι’)’κτηρεν
1154 2612 1184 2646 L
1292 2615 1327 2645 17
1354 2608 1473 2657 τύχης]
1504 2612 1625 2657 ψυχῆσ
1649 2609 1677 2644 Ρ
1793 2609 1980 2654 γυναικῶν

313 2671 435 2704 AMW
557 2674 594 2705 13
621 2670 782 2716 οἰμογῆσ
807 2670 834 2703 Ρ
861 2669 1040 2716 οἰμωγῆσ,
1066 2682 1098 2704 οι
1126 2680 1168 2703 ex
1194 2682 1215 2704 v
1238 2679 1343 2708 corn,
1368 2667 1388 2701 i.
1414 2677 1521 2710 marg.
1549 2680 1583 2702 οι
1610 2665 1638 2699 L
1762 2667 1802 2700 21
1829 2658 1911 2711 *ἧν1
1934 2658 1980 2711 ἦν

314 2729 400 2774 περὶ
425 2723 517 2764 αὐτὸ
543 2727 591 2762 W
685 2729 727 2761 22
754 2726 1008 2774 *παρεκέλευε
1036 2726 1065 2759 V
1159 2720 1276 2761 αὐτὸν
1302 2723 1515 2758 PFLAMW
1541 2717 1678 2759 ἑαυτὸν
1703 2722 1734 2756 Ε
1805 2723 1846 2756 23
1872 2714 1979 2767 λύπηι

315 2785 336 2819 i.
364 2794 434 2819 ras.
459 2784 491 2817 A
562 2780 629 2829 τὴν
653 2794 722 2819 om.
749 2783 931 2818 FLAMW
1002 2788 1132 2829 φυγεῖν
1157 2781 1237 2816 LA¹
1320 2783 1362 2815 2⁴
1387 2774 1508 2825 μόνην
1535 2777 1747 2813 PFLAMW
1817 2780 1980 2820 κεῖσθαι,

315 2853 347 2875 ει
364 2850 407 2874 ex
425 2854 445 2876 τ
463 2841 600 2875 corr.L
672 2843 713 2875 25
738 2843 876 2887 μικροῦ
900 2835 949 2881 δ’]
975 2838 1125 2875 &mit-¹00·
1150 2838 1187 2875 δὲ
1211 2840 1348 2883 μικροῦ
1373 2836 1404 2871 Ε
1430 2836 1508 2882 ipsc
1533 2846 1619 2869 -υιϊο
1641 2845 1759 2880 paene:
1784 2833 1855 2869 Lat
1885 2831 1980 2870 haud

314 2897 407 2931 male
508 2893 626 2933 αι’-τὸν
653 2897 791 2931 PFLW
819 2893 956 2933 ἑαυτὸν
983 2896 1014 2930 Ε
1107 2898 1150 2929 2ss
1175 2897 1271 2930 *τοῦ
1296 2903 1365 2928 om.
1384 2893 1412 2926 L
1440 2893 1520 2927 fort.
1549 2895 1644 2925 recte
1743 2893 1783 2925 27
1810 2892 1878 2927 *τε
1901 2898 1976 2925 om.

316 2952 343 2986 P
442 2949 586 2999 *αὖτῆσ
611 2953 801 2988 FLAMW
897 2949 954 2989 διὰ
981 2963 1049 2987 om.
1075 2951 1107 2986 Ε
1199 2951 1448 2997 ’φοβεῖσθαι,
1474 2963 1499 2994 φ
1528 2948 1549 2983 i.
1578 2958 1645 2983 ras.
1671 2946 1700 2981 F
