2107 3377
122 462 204 504 229

120 801 202 843 230

116 1138 193 1179 231

115 1409 196 1449 232

111 1749 193 1790 233

240 211 322 249 194
630 212 796 256 ANTIQ.
821 212 918 249 IUD.
943 213 1032 248 XIII
1057 217 1236 251 228-—233
1260 218 1331 258 (vn.
1350 220 1466 248 4.V111.
1485 219 1514 258 1)

239 325 319 376 δας
350 324 579 381 συλλαβών
608 328 683 370 καὶ
715 326 970 381 δεδεμένους
1009 327 1117 381 ἔχων
1155 327 1356 384 ἔπεμψεν
1385 331 1457 373 καὶ
1490 329 1568 373 ἐπὶ
1591 324 1794 388 Ἰωάννην
1823 329 1900 374 τὸν

237 397 404 448 τρίτον,
450 393 592 451 τούτῳ
638 394 685 437 δὲ
727 394 800 437 καὶ
835 391 1040 450 Ὑρκανὸς
1083 385 1136 453 ἦν
1179 392 1333 451 ὄνομα,
1378 396 1481 448 τοὺς
1527 397 1898 454 διαφθεροῦντας.

238 460 510 515 αἰσθόμενος
549 461 596 504 δὲ
625 460 728 512 τοὺς
758 460 977 513 ἐλθόντας
1006 460 1029 506 5
1061 467 1286 515 νεανίσκος
1316 464 1544 522 διαφυγών
1572 463 1650 508 τὸν
1680 463 1729 515 ἐξ
1756 461 1900 509 αὐτῶν

235 528 434 572 κίνδυνον
466 529 529 579 εἷς
558 527 636 585 τὴν
667 528 801 572 πόλιν
830 525 1060 587 ἠπείγετο,
1100 534 1285 588 θαρρῶν
1313 535 1378 588 τῷ
1406 532 1577 590 πλήθει
1608 531 1683 575 διὰ
1712 531 1792 583 τὰς
1821 535 1900 576 τοῦ

235 595 408 651 πατρὸς
438 593 685 653 εὗεργεσίας
704 598 780 640 καὶ
801 596 875 641 διὰ
896 597 946 641 τὸ
969 599 1255 654 Πτολεμαίου
1276 609 1369 650 τοῖς
1390 597 1536 652 ὄχλοις
1566 609 1708 654 μῖσος.
1759 615 1900 644 σπου·
1929 609 1948 641 5

236 662 434 706 δάσαντα
473 664 520 707 δὲ
561 665 634 707 καὶ
665 665 948 720 Πτολεμαῖον
987 665 1211 710 εἰσελθεῖν
1250 663 1310 710 δι’
1348 665 1481 725 ἄλλης
1518 667 1660 725 πύλης
1696 665 1719 711 5
1762 668 1899 727 δῆμος

236 726 474 774 ἆπεώσατο
505 730 583 774 τὸν
608 729 811 787 Ὑρκανὸν
844 730 923 792 ἤδη
955 734 1345 791 προσδεδεγμένος.

346 801 461 843 VIII.
497 804 532 843 1.
572 801 663 844 Καὶ
693 797 716 844 5
748 801 828 855 μὲν
859 801 923 852 εἷς
953 801 998 845 ἓν
1027 819 1071 845 τι
1100 805 1187 845 τῶν
1217 799 1330 858 ὑπὲρ
1355 799 1635 858 Ἱεριχοῦντος
1671 803 1898 858 ἐρυμάτων

235 860 507 924 ἀνεχώρησεν
536 867 698 924 Δαγὼν
731 869 975 925 λεγόμενον.
1037 865 1280 925 ἀπολαβων
1303 869 1448 927 δὲτὴν
1468 869 1661 926 πάτριον
1686 867 1900 927 ἀρχιερω-

234 933 365 992 σύνην
391 933 593 990 Ὑρκανὸς
622 939 696 980 καὶ
725 936 802 980 τὸν
832 936 943 981 θεὸν
965 936 1166 992 πρώταις
1193 941 1380 988 θυσίαις
1400 938 1801 996 παραστησάμενος
1822 938 1898 983 ἐπὶ
1929 947 1967 981 10

232 1000 308 1045 τὸν
340 1004 623 1058 Πτολεμαῖον
654 1003 1001 1058 ἐξεστράτευσεν,
1032 1006 1105 1048 καὶ
1136 1004 1404 1060 προσβαλῶν
1435 1009 1498 1062 τῷ
1523 1011 1673 1062 χωρίῳ
1694 1015 1789 1058 τοῖς
1817 1007 1898 1062 μὲν

233 1066 385 1121 ἄλλοις
423 1074 581 1129 περιῆν
622 1068 776 1124 αὐτοῦ,
817 1069 980 1128 ἡττᾶτο
1020 1072 1067 1114 δὲ
1104 1072 1226 1128 μόνῳ
1265 1075 1328 1129 τῷ
1368 1073 1483 1129 πρὸς
1519 1074 1595 1131 τὴν
1625 1078 1794 1131 μητέρα
1822 1077 1898 1118 καὶ

227 1137 331 1189 τοὺς
370 1137 590 1197 ἀδελφοὺς
628 1140 773 1196 οἴκτῳ.
833 1139 1014 1189 τούτους
1053 1138 1135 1195 γὰρ
1166 1141 1448 1194 Πτολεμαῖος
1478 1137 1708 1198 ἀναγαγών
1740 1141 1817 1186 ἐπὶ
1845 1142 1895 1186 τὸ

230 1215 370 1260 τεῖχος
416 1205 463 1257 ἐξ
500 1203 710 1250 ἀπόπτου
748 1203 919 1264 ’,ῗῂκίζετο
960 1211 1033 1250 καὶ
1073 1212 1439 1265 κατακρημνίσειν
1477 1204 1552 1252 οὗκ
1593 1208 1896 1267 ἀφισταμένου

228 1276 304 1331 τῆς
325 1274 586 1329 πολιορκίας
607 1270 795 1332 ἠπείλει.
855 1272 877 1318 5
911 1270 953 1317 δ’
979 1270 1085 1318 ὅσον
1107 1268 1189 1332 [ἂν]
1213 1274 1356 1333 ἐνδοίη
1378 1279 1456 1332 τῆς
1484 1279 1589 1334 περὶ
1619 1277 1697 1335 τὴν
1727 1278 1898 1334 αἵρεσιν
1927 1287 1965 1321 15

227 1343 304 1384 τοῦ
332 1345 496 1397 χωρίου
528 1342 738 1398 σπουδῆς,
770 1344 956 1385 τοσοῦτο
984 1342 1252 1399 χαρίζεσθαι
1281 1353 1375 1395 τοῖς
1406 1345 1639 1402 φιλτάτοις
1659 1342 1897 1402 ἡγούμενος

227 1407 343 1465 πρὸς
372 1407 421 1452 τὸ
454 1408 512 1466 μὴ
543 1412 684 1461 κακῶς
715 1409 915 1463 πάσχειν,
949 1409 1092 1461 ἐξέλυε
1129 1410 1178 1454 τὸ
1213 1412 1464 1467 πρόθυμον.
1524 1410 1548 1470 ἡ
1581 1416 1734 1468 μέντοι
1752 1413 1895 1472 μήτηρ

226 1474 440 1534 ὀρέγουσα
469 1477 550 1528 τὰς
575 1487 728 1534 χεῖρας
759 1478 921 1521 ἱκέτευε
941 1477 999 1536 μὴ
1021 1479 1349 1533 μαλακίζεσθαι
1376 1476 1437 1524 δι)
1465 1476 1612 1538 αὖτήν,
1644 1477 1756 1524 ἀλλὰ
1778 1481 1894 1525 πολὺ

225 1547 362 1588 πλέον
394 1542 501 1604 ὀργῇ
527 1545 752 1601 χριόμενον
791 1545 904 1590 ἑλεῖν
943 1547 1199 1590 σπουδάσαι
1237 1547 1287 1591 τὸ
1325 1552 1486 1604 χωρίον
1523 1551 1595 1592 καὶ
1625 1548 1703 1592 τὸν
1734 1548 1895 1605 ἐχθρὸν

224 1609 305 1656 ὑπ’
341 1610 460 1671 αὐτῷ
498 1614 752 1672 ποιήσαντα
790 1617 1041 1673 τιμωρῆσαι
1077 1625 1172 1666 τοῖς
1213 1615 1469 1673 φιλτάτοις·
1516 1613 1622 1673 ἡδὺν
1660 1615 1742 1674 γὰρ
1784 1613 1895 1675 αὗτῗ
1924 1626 1962 1660 20

223 1679 300 1725 τὸν
330 1677 426 1736 μετ)
455 1682 600 1733 αἰκίας
632 1680 775 1739 [εἶναι]
806 1682 1019 1735 θάνατον,
1062 1683 1100 1726 εἰ
1136 1683 1258 1740 δίκην
1295 1680 1486 1737 Ιὑπόσχοι
1524 1687 1601 1740 τῆς
1640 1683 1704 1736 εἷς
1735 1680 1894 1736 αὐτοὺς

225 1753 508 1804 παρανομίας
539 1747 560 1793 5
593 1752 733 1793 ταῦτα
763 1753 909 1794 ποιῶν
939 1752 1167 1805 πολέμιος.
1227 1749 1304 1794 τὸν
1335 1752 1382 1794 δὲ
1409 1749 1612 1807 Ὑρκανὸν
1643 1754 1784 1795 ταῦτα
1812 1752 1891 1807 μὲν

226 1816 432 1874 λεγούσης
469 1819 548 1875 τῆς
585 1817 750 1875 μητρὸς
790 1815 903 1876 ὁρμή
943 1835 1011 1869 τις
1051 1817 1293 1873 ἐλάμβανεν
1333 1818 1448 1874 πρὸς
1485 1818 1563 1876 τὴν
1605 1819 1775 1876 αἵρεσιν
1814 1822 1891 1863 τοῦ

336 1943 356 1983 ξ
383 1943 447 1975 228
472 1959 515 1971 =
541 1941 621 1976 bell.
647 1941 724 1976 Iud.
751 1941 768 1976 I
793 1945 847 1977 54.

335 2052 699 2089 PFLAMVWELat
711 2053 871 2089 Zonaras
896 2054 912 2088 I
937 2065 970 2099 p.
996 2056 1073 2089 386.

338 2114 351 2145 1
383 2107 531 2157 ἔπεμψε
555 2113 630 2153 καὶ,
653 2112 717 2146 καὶ
741 2121 784 2145 ex
810 2124 830 2145 ν
856 2121 946 2146 corr.
972 2111 1006 2144 A
1097 2113 1161 2146 καὶ
1186 2121 1254 2146 om.
1280 2110 1412 2145 A¹WE
1485 2113 1503 2144 2
1529 2107 1628 2153 τοὺς]
1655 2108 1748 2148 τοὺσ
1773 2107 1891 2149 αὐτὸν

219 2165 251 2200 Ε
352 2169 370 2201 3
396 2163 598 2214 διαφυγὼν]
624 2164 836 2213 διαφεύγων
860 2167 925 2201 FV
948 2169 1011 2203 καὶ
1036 2163 1226 2213 διαφυγὼν
1250 2167 1407 2202 AMWE
1500 2171 1519 2202 4
1544 2164 1653 2210 *τὰς]
1679 2171 1750 2214 τῆσ
1773 2167 1803 2202 L

220 2225 238 2256 5
265 2228 346 2265 τοῖς
372 2219 512 2269 ὄχλοις]
538 2226 623 2271 περὶ
648 2220 742 2261 τοὺσ
765 2227 864 2265 (τοῖο
887 2224 950 2265 A¹)
977 2221 1118 2270 ὅχλουσ
1144 2221 1291 2270 (ὄχλοιο
1314 2225 1376 2266 ΑΡ)
1399 2223 1473 2258 AM
1573 2228 1589 2257 ἶ
1615 2221 1831 2262 *ἀπώσατο
1857 2224 1889 2260 V

218 2296 449 2339 άπεσώσατο
476 2303 523 2338 W
594 2306 612 2338 8
638 2300 678 2339 ἕν
702 2314 770 2338 om.
797 2302 952 2337 LAMW
1045 2300 1115 2339 τὸν
1138 2303 1168 2337 L
1239 2283 1452 2349 legulos-JV
1477 2303 1690 2351 ἳεριχοῦντα
1715 2302 1769 2338 ed.
1787 2313 1842 2348 pr.

220 2362 238 2392 ὲ)
264 2359 286 2393 i.
304 2369 413 2403 marg.
431 2356 482 2395 ιε’
505 2359 570 2394 LE
596 2359 672 2394 XV
686 2359 757 2394 Lat
855 2363 892 2394 11)
918 2363 1053 2407 πρῶτα
1078 2359 1268 2395 LAMWE
1292 2363 1427 2405 πρῶτα
1453 2367 1535 2402 ταῖς
1559 2360 1639 2395 coni
1709 2372 1888 2407 παραιτη-

219 2412 387 2459 σάμενοσ
412 2415 634 2451 LAMVWE
645 2416 813 2462 placauit
830 2416 900 2451 Lat
973 2420 1006 2451 11
1034 2414 1261 2463 ἐστράτευσε
1278 2417 1310 2450 Ε
1381 2413 1653 2463 *προσβαλὼῆ
1679 2419 1889 2462 προλαβων

219 2472 245 2505 P
271 2469 506 2518 προσλαβὼν
529 2472 559 2506 F
641 2469 714 2509 1’τὸ
738 2474 885 2519 χωρίον
910 2473 940 2507 L
1028 2476 1068 2509 12
1094 2470 1242 2510 *αὑτοῦ
1264 2473 1297 2508 V
1377 2472 1530 2518 *μόνον
1555 2470 1598 2509 τὸ
1624 2473 1655 2507 L
1734 2475 1773 2507 13
1798 2470 1886 2520 γὰρ]

218 2528 254 2564 δὲ
280 2528 307 2562 Ρ
333 2524 368 2564 δ’
395 2525 415 2565 5
441 2528 470 2563 F
496 2526 571 2575 γὰρ
598 2525 618 2565 ὁ
645 2529 826 2564 LAVwE
927 2527 1082 2577 α’νάγωι-
1106 2529 1360 2565 FLAMVWE
1458 2534 1497 2565 14
1522 2525 1710 2576 *ήκιζετο,
1735 2524 1756 2575 ἠ
1781 2539 1825 2564 ex
1850 2542 1885 2566 οι

218 2595 309 2620 corr.
335 2586 367 2620 V
437 2586 527 2621 *καὶ
553 2595 581 2621 S.
600 2585 630 2620 F
701 2584 1052 2632 *κατακρημνήσειν
1077 2586 1138 2621 FL
1213 2589 1252 2620 15
1279 2579 1386 2628 ὅσον]
1413 2583 1433 2622 ὁ
1452 2587 1500 2621 W
1569 2584 1706 2632 ἐνδοίη]
1731 2584 1890 2621 Dindorf

216 2639 333 2677 ἐνδιῦν
349 2641 377 2676 Ρ
394 2639 512 2689 ἐνδώη
528 2642 638 2688 (-ωίηι
656 2641 700 2683 A)
718 2641 973 2677 FLAMVWE
1047 2646 1086 2678 16
1111 2645 1300 2679 τοσοῦτον
1317 2643 1390 2677 ΜΕ
1415 2645 1528 2679 τοῦτο
1546 2642 1642 2676 PFV
1721 2645 1758 2676 17
1785 2640 1885 2685 *ἐξέ-

217 2701 277 2734 λιπε
303 2695 360 2741 τὸ,
385 2712 406 2735 τ
422 2699 444 2733 i.
463 2708 533 2733 ras.
551 2698 584 2731 A
658 2700 697 2733 18
722 2695 799 2744 *μὴ
818 2709 886 2734 om.
905 2699 934 2733 L
1005 2696 1161 2746 *αὖτήν]
1186 2709 1248 2734 eos
1263 2699 1334 2733 Lat
1403 2701 1549 2743 *πολλῆ
1567 2698 1600 2732 V
1674 2701 1712 2732 19
1737 2693 1885 2745 *ὀργῆι,

216 2769 225 2788 ι
252 2755 273 2789 i.
291 2765 361 2789 ras.
387 2754 420 2788 A
447 2750 566 2801 ὀργῆσ
593 2754 636 2789 W
705 2754 774 2790 litt,
800 2751 928 2802 *ὀργῇ
950 2769 973 2801 χ
998 2756 1020 2790 i.
1039 2766 1110 2792 ras.
1136 2756 1175 2793 M
1270 2759 1309 2791 19
1334 2753 1471 2796 *ἑλεῖν]
1497 2751 1595 2800 ἔχειν
1620 2754 1678 2789 PF
1751 2757 1792 2789 ⁴20
1817 2750 1885 2801 ὑφ’

216 2808 354 2846 ἑαυτὸν
377 2811 409 2845 Ε
496 2809 745 2857 *ποιήσαντα,
772 2826 795 2847 α
820 2811 928 2847 finale
945 2822 988 2846 ex
1005 2827 1015 2848 ι
1034 2822 1126 2848 corr.
1145 2812 1215 2847 uid.
1235 2812 1266 2846 A
1345 2814 1381 2846 21
1412 2809 1493 2853 τὸν]
1520 2807 1588 2847 τὸν
1612 2806 1729 2856 αι’·τῆσ
1753 2808 1884 2858 (αἶντῆσ

215 2866 301 2907 ΑΜ)
325 2866 478 2902 LAMW
572 2865 665 2904 εἶναι
691 2879 757 2903 om.
784 2868 844 2902 PF
938 2865 1112 2915 ὑπόσχοι]
1137 2866 1310 2914 εἰπόσχοι
1336 2868 1365 2901 L
1467 2870 1508 2902 22
1534 2867 1726 2912 πολέμιος]
1751 2870 1884 2905 πτολε-

215 2929 332 2967 μιιῖοσ
350 2924 433 2965 ΑΜ,
459 2925 480 2960 i.
500 2935 608 2969 marg.
636 2924 821 2969 πολέμιοι]
839 2925 871 2958 Α
896 2923 1014 2961 hostes
1042 2925 1112 2960 Lat
1227 2920 1291 2960 *δ’
1308 2923 1404 2958 FLV
1498 2924 1567 2969 μὲν
1593 2935 1660 2960 om.
1681 2924 1836 2960 AMWE

218 2984 258 3015 23
284 2977 466 3026 λαμβάνει
492 2981 524 3015 Ε
618 2978 714 3026 *τὴν
738 2977 935 3027 εἶναι’(ιεσιν
959 2981 988 3015 F
