2029 3392
668 227 827 272 ANTIQ.
854 227 950 263 lUD.
976 226 1061 261 XllI
1087 229 1220 260 33-39
1245 230 1367 266 (Luxu.
1389 231 1415 265 ι)
1789 223 1865 261 157

211 343 514 398 αἰχμαλιιὶτους
553 338 750 391 ἀποδοὺς
787 341 858 382 καὶ
898 338 1000 389 τοί-ς
1041 338 1228 388 οἰκείους
1266 338 1560 393 κομισάμενος
1593 333 1868 391 ἱπέστρεψεν

211 411 274 462 εἰς
304 408 573 464 Ἀντιόχειαν
604 407 718 462 πρὸς
757 407 834 450 τὸν
870 408 1058 461 βασιλέα
1098 408 1167 448 καὶ
1200 405 1310 460 μετὰ
1341 406 1502 462 ταύτην
1532 403 1609 460 τὴν
1641 400 1867 460 ἀναχώρη-

211 495 282 522 σιν
314 476 453 522 οὐκέτι
486 477 548 528 εἰς
577 475 655 532 τὴν
681 471 897 518 Ἰουδαίαν
933 474 1147 528 ἐνέβαλεν.
1208 472 1229 516 6
1273 475 1316 516 ὸὲ
1347 469 1557 529 Ἰωνάθης
1594 472 1754 528 ταύτης
1793 474 1869 527 τῆς
1901 477 1950 516 3-1

211 542 363 596 ἀδείας
402 545 644 599 λαβόμενος
681 545 751 586 καὶ
794 542 1060 596 ποιούμενος
1101 541 1145 583 ἐν
1188 544 1356 595 ΠΙαχμᾶ
1402 541 1533 583 πόλει
1576 538 1655 596 την
1694 539 1870 582 δίαιταν

159 624 178 655 5
210 611 373 657 αι”τόθι
410 621 503 662 τοῖς
541 608 688 665 ὄχλοις
727 611 873 654 διεῖπε
909 609 964 651 τὰ
1006 609 1246 664 πράγματα
1286 611 1354 651 καὶ
1398 609 1498 659 τοί-ς
1538 606 1758 662 πονηροὺς
1797 610 1869 650 καὶ

210 677 385 737 ἀσεβεῖς
413 679 606 731 κολάζων
638 678 852 735 ἐκάθηρεν
884 677 1022 727 οὕτως
1053 674 1143 719 ἀπὸ
1176 677 1343 719 τούτων
1373 676 1422 718 τι)
1457 677 1602 726 ἔθνος.

322 750 376 792 ΙΙ.
411 752 446 790 1.
470 743 582 790 Ἔτει
615 742 654 789 6’
682 746 900 803 ἑξηκοστῷ
929 746 1000 788 καὶ
1035 743 1255 799 ἑκατοστῷ
1285 743 1362 787 τὸν
1392 742 1616 798 Ἀντιόχου
1646 745 1724 785 τοῦ
1750 739 1871 786 Ἔπι-
1902 747 1954 787 35

210 818 378 871 φανοῦς
407 814 503 858 υἱὸν
524 810 807 869 Ἀλέξανδρον
839 809 1064 867 ἀναβάντα
1086 812 1149 862 εἰς
1170 816 1332 866 Συρίαν
1355 815 1511 870 συνέβη
1533 812 1871 865 καταλαβέσθαι

209 883 497 937 Πτολεμαΐδα
536 881 581 925 ἐκ
618 882 865 937 προδοσίας
903 883 990 923 τῶν
1029 880 1153 923 ἕνὸόν
1191 882 1498 935 στρατιωτῶν·
1540 876 1752 932 ἀπεχθῶς
1789 878 1871 934 γὰρ

143 960 180 994 10
210 948 324 1004 εἶχον
363 949 477 1006 πρὸς
516 950 592 993 τὸν
630 949 885 1008 Δημήτριον
931 948 1005 991 διὰ
1050 947 1129 1005 τΐιν
1176 945 1484 1005 ὑπερηφανίαν
1526 943 1658 989 αὐτοῦ
1703 947 1775 988 καὶ
1820 944 1869 988 τὸ

210 1018 528 1061 ὄισέντεικτον.
590 1036 630 1060 α
629 1019 860 1067 τοκλείσας
879 1015 961 1071 γὰρ
985 1013 1118 1059 αὑτὸν
1141 1032 1203 1066 εις
1223 1014 1545 1071 τετραπύργιον
1566 1032 1609 1057 τι
1629 1014 1870 1069 βασίλμειοι,
1904 1016 1956 1057 36

208 1085 233 1128 ὃ
265 1086 578 1129 κατεσκεύασεν
601 1082 731 1135 αἰτός
753 1102 827 1128 ουκ
851 1103 891 1126 α
891 1090 1039 1126 εωθεν
1060 1087 1134 1162 της
1153 1081 1434 1137 Ἀντιοχείας,
1467 1100 1515 1125 οι
1502 1078 1624 1124 ὁενα
1645 1084 1871 1136 προσίετο

210 1149 322 1196 ἆλλὰ
354 1156 455 1209 περὶ
487 1153 542 1196 τὰ
575 1153 815 1209 πράγματα
846 1152 1050 1209 ῥάθυμος
1080 1150 1132 1208 ην
1162 1153 1233 1194 καὶ
1266 1147 1492 1207 ὀλίγωρος,
1525 1146 1635 1193 ὅθεν
1662 1144 1779 1204 αυτιιῦ
1801 1151 1872 1192 καὶ

207 1222 375 1276 μᾶλλον
412 1221 462 1264 τὸ
502 1222 626 1278 παρὰ
666 1224 753 1264 τιῦν
791 1218 1156 1276 ὑποτεταγμένων
1194 1229 1324 1283 μῖσος
1363 1217 1560 1300 ἕξιήφθη,
1601 1216 1754 1267 καθώς
1794 1214 1872 1274 η’ὸη

141 1297 178 1331 15
207 1290 278 1332 καὶ
325 1289 369 1332 ἐν
416 1286 566 1340 ἄλλοις
611 1290 927 1347 δεδηλώκαμεν.
994 1287 1226 1344 γενόμενον
1272 1285 1346 1329 οὖν
1392 1303 1436 1329 εν
1476 1286 1752 1340 Πτολεμαΐδι
1797 1285 1873 1327 τόν
1906 1290 1958 1329 37

212 1352 309 1400 Άλέ
314 1357 497 1412 ξανόρον
542 1354 732 1408 ακοιῖσας
777 1355 798 1400 6
841 1356 1094 1414 Δημήτριος
1138 1354 1238 1412 ἦγεν
1285 1355 1466 1397 ἅπασαν
1513 1350 1745 1407 ἀναλαβών
1792 1349 1868 1395 ἐπ’

213 1420 345 1467 αὐτὸν
374 1442 452 1480 την
484 1425 680 1480 δι’·’.ιαμιν
739 1424 941 1480 ε’πειιψεν
973 1424 1020 1467 δὲ
1050 1425 1122 1467 καὶ
1145 1422 1259 1478 πρὸς
1283 1419 1499 1479 Ιωνάθην
1530 1424 1781 1478 πρεσβεις
1770 1437 1873 1475 περι

213 1497 462 1547 συμμαχίας
491 1494 562 1535 καὶ
596 1490 790 1543 εὐνοίας·
831 1492 1013 1549 φθάσαι
1051 1491 1132 1548 γὰρ
1171 1491 1248 1535 τὸν
1279 1487 1565 1545 Ἀλέξανδρον
1598 1489 1774 1545 διέγνω,
1814 1488 1871 1543 μὴ

213 1560 556 1615 προδιαλεχθεὶς
595 1560 756 1611 ἐκεῖνος
787 1555 905 1616 αὗτιιῦ
937 1562 1015 1616 σχῇ
1046 1577 1125 1615 την
1157 1554 1266 1614 παρ’
1295 1554 1427 1601 αυτοῦ
1455 1557 1686 1614 βοήθειαν.
1744 1559 1874 1599 τοῦτο
1907 1560 1958 1600 38

144 1637 182 1670 20
212 1623 254 1670 6'
282 1626 427 1670 ἐποίει
459 1631 701 1685 φοβηθείς,
732 1627 805 1719 μηζ
823 1627 1149 1685 μνησικακήσας
1179 1624 1201 1670 6
1229 1622 1443 1683 '¹Iwuiffljg
1475 1621 1595 1681 αὗτιιιῖ
1615 1627 1691 1681 τῆς
1712 1625 1876 1679 ε’χθρας

214 1697 527 1753 συνεπιθηται.
578 1695 849 1750 προσέταξεν
873 1712 947 1738 ουν
971 1690 1089 1750 αὗτιιῦ
1112 1693 1423 1748 συναθροίζειν
1446 1693 1630 1747 δύναμιν
1651 1694 1724 1735 καὶ
1745 1709 1875 1734 κατα-

213 1762 434 1815 σκευάζειν
465 1758 585 1805 ὅπλα
615 1765 688 1807 καὶ
709 1762 812 1814 τοὺς
833 1760 1036 1819 ὁμήρους,
1070 1777 1144 1811 οις
1174 1764 1260 1805 τῶν
1277 1757 1502 1805 Ἰουδαίων
1526 1760 1738 1803 ἐνέκλεισε
1759 1764 1876 1802 Βακ-

208 1829 374 1888 χίδης’
356 1846 400 1873 εν
420 1832 474 1887 τῇ
496 1826 606 1888 ἄκρᾳ
625 1832 714 1873 τιῦν
730 1827 1055 1884 Ἱεροσολύμων,
1088 1825 1347 1884 ἀπολαβεῖν.
1406 1828 1620 1872 τοιούτων
1650 1826 1726 1870 οὖν
1758 1843 1874 1882 αυτιιι)
1908 1832 1959 1873 39

210 1900 298 1941 τῶν
328 1875 452 1954 παρὰι
473 1901 732 1956 Δημητρίου
753 1897 1104 1954 προσπεσόντων
1135 1895 1156 1940 6
1180 1892 1396 1954 Ἰωνάθης
1425 1895 1783 1952 παραγενόμενος
1815 1894 1877 1946 εἰς

143 1974 182 2008 25
211 1964 265 2008 τὰ
306 1962 586 2022 Ἱεροσόλυμα
629 1965 708 2023 τὴν
752 1964 990 2022 ἐπιστολὴν
1037 1965 1200 2021 ἀνέγνω
1243 1967 1321 2008 τοῦ
1363 1966 1583 2020 βασιλέως
1629 1959 1877 2006 ἀκουόντων

326 2091 347 2133 ξ
372 2091 415 2125 33
439 2107 484 2119 =
509 2093 539 2125 1.
557 2089 722 2125 Maccab.
747 2089 800 2124 IX
824 2092 879 2124 72.

323 2202 689 2238 PFLAMVWELat
700 2203 860 2238 Zonaras
884 2202 900 2236 I
924 2213 959 2246 p.
987 2205 1062 2237 377.

330 2262 347 2295 1
374 2259 547 2302 οἰκείους]
565 2258 685 2295 ἰδίουσ
700 2258 956 2294 FLAMVWE
1035 2256 1297 2305 *ἐπέστρεψεν
1313 2257 1440 2292 PFLV
1512 2259 1531 2291 2
1548 2254 1686 2304 ταύτην
1704 2267 1771 2292 om.
1786 2256 1834 2291 W

215 2317 236 2350 4
259 2329 359 2362 μαχ-
368 2318 422 2361 μᾶ
445 2317 479 2350 Α
501 2318 661 2362 μαχαμᾶ
684 2315 714 2349 F
739 2318 892 2361 μαχεμᾶ
915 2315 962 2350 W
986 2314 1170 2350 machema
1193 2315 1264 2349 Lat
1345 2317 1364 2349 6
1388 2311 1595 2359 ἐκάθαιρεν
1618 2313 1772 2348 LAMW
1796 2311 1880 2349 ἐκά-

214 2374 336 2418 θαρεν
353 2372 386 2407 Ε
468 2376 485 2406 7
503 2373 531 2407 i..
545 2383 654 2416 marg.
672 2370 710 2418 γ’
728 2372 758 2405 L
777 2370 846 2406 III
858 2371 929 2406 Lat
1021 2374 1038 2406 S
1059 2367 1305 2417 Ἀλέξανδρον]
1323 2371 1477 2405 LAMW
1487 2370 1574 2413 Zon,
1592 2381 1659 2406 om.
1678 2370 1881 2406 PFVELat

328 2431 348 2464 9
372 2430 590 2465 *ποδοσίασ
607 2429 655 2465 V¹
745 2430 845 2464 *τῶν
858 2438 924 2463 om.
939 2427 1067 2463 PFLV
1159 2425 1316 2465 ἔνδοθεν
1327 2426 1583 2462 FLAMVWE
1689 2430 1726 2461 10
1746 2422 1878 2472 *πρὸς]

215 2484 273 2522 εἰσ
296 2485 336 2520 Μ
414 2488 452 2520 11
480 2481 598 2522 αὐτὸν
621 2484 798 2519 PFLWE
867 2482 1160 2531 *τετράπυργον
1176 2483 1319 2528 Cocceji
1389 2485 1464 2525 *τι]
1490 2482 1534 2519 τὸ
1553 2483 1601 2519 W
1673 2484 1713 2518 12
1728 2479 1880 2519 ἄποθεν

215 2541 386 2578 PFMVE
406 2544 441 2577 et
460 2552 505 2577 ex
526 2551 616 2576 corr.
634 2541 668 2575 A
757 2544 795 2576 13
821 2536 928 2582 ἀλλὰ]
954 2536 1048 2577 ἄλλα
1071 2543 1135 2577 καὶ
1152 2539 1444 2575 FLAMVWLat
1543 2542 1582 2574 15
1607 2540 1631 2574 i.
1653 2550 1763 2584 marg.
1789 2537 1884 2574 IIII

215 2596 287 2633 Lat
353 2597 611 2645 *πτολεμαΐδη
634 2597 663 2632 Ρ
752 2599 792 2632 16
816 2592 866 2633 *6
892 2607 959 2632 om.
985 2596 1019 2631 V
1102 2592 1167 2633 ἐπ’
1192 2592 1310 2633 αὐτὸν
1333 2592 1539 2643 ἀναλαβὼν
1562 2593 1630 2641 τὴν
1654 2593 1808 2640 δύναμιν
1831 2599 1877 2631 tr.

217 2652 338 2689 AMW
362 2650 568 2702 ἀναλαβὼν
591 2651 659 2700 τὴν
684 2647 775 2699 δ’λην
791 2652 945 2698 δύναμιν
968 2648 1034 2689 ἐπ’
1052 2647 1171 2689 αὐτὸν
1186 2652 1251 2688 FV
1322 2656 1361 2687 17
1387 2653 1411 2687 i.
1429 2662 1537 2696 marg.
1557 2649 1593 2688 δ’
1611 2652 1642 2686 L
1711 2651 1750 2688 δὲ
1761 2652 1878 2696 suppl.

217 2708 250 2743 L
317 2709 420 2758 πρὸσ
443 2709 513 2748 τὸν
536 2708 705 2757 ἰωνάθην
728 2711 761 2746 Ε
844 2713 884 2745 18
908 2711 971 2746 καὶ
995 2705 1146 2751 εὐνοίας
1169 2719 1238 2744 om.
1255 2709 1303 2744 W
1380 2706 1540 2752 φθάσασ
1564 2708 1624 2743 PF
1697 2711 1737 2742 19
1763 2705 1880 2755 πρὸσ-

220 2767 430 2812 ὁιαλεχθεὶσ
453 2767 484 2802 L
569 2770 611 2802 20
636 2767 674 2804 δὲ
698 2773 802 2803 ποιεῖ
822 2766 1024 2801 PFLAMV
1109 2769 1147 2800 21
1177 2768 1431 2802 συνεπιθεῖται
1454 2764 1485 2798 F
1554 2767 1619 2800 καὶ
1641 2785 1685 2790 -—
1711 2767 1753 2799 22
1780 2758 1880 2801 ὅπλα

220 2830 288 2856 om.
313 2821 422 2858 ELat
511 2825 575 2860 καὶ
599 2820 972 2870 προκατασκευάζειν
995 2821 1122 2856 PFLV
1216 2823 1257 2855 22
1282 2817 1376 2863 *οὓς
1400 2831 1468 2855 om.
1493 2820 1616 2855 AMW
1701 2817 1774 2858 οὓσ
1797 2825 1880 2866 post

220 2871 432 2914 *Ἰουδαίων
455 2879 535 2915 add.
552 2880 656 2914 M2W
748 2877 950 2925 *ἐνέκλησε
973 2878 1021 2912 L¹
1112 2876 1321 2914 ἐνέκλεισεν
1347 2873 1367 2913 ὂ
1393 2878 1579 2923 βακχίδησ
1594 2876 1624 2911 F
1718 2879 1760 2911 23
1785 2872 1880 2914 εἷπο-

221 2930 427 2980 λαμβάνειν
449 2935 603 2970 AMWE
696 2938 739 2971 24
764 2932 881 2983 παρὰ]
906 2931 1011 2981 παρὰ
1037 2937 1106 2970 τοῦ
1129 2934 1158 2968 F
1253 2935 1452 2980 ὃημητρίου
1475 2930 1792 2980 προσπεσόντων,
1815 2934 1879 2968 liit.

222 3000 268 3025 ov
291 2988 568 3035 προσπεσόντω
591 2992 614 3027 i.
631 3001 703 3027 ras.
729 2991 934 3036 angustiore
957 3001 1003 3027 m.
1030 2993 1049 3025 2
1074 2992 1107 3024 A
1199 2992 1241 3024 25
1265 2986 1313 3026 τὰ
1337 3000 1406 3025 om.
1433 2989 1505 3024 ME
