2107 3377
303 133 387 171 LVI
1040 139 1231 176 Praefatio.

364 267 478 295 enan.
514 273 566 287 =
599 253 770 296 euanuit
800 253 1040 298 euanidum.

352 321 466 376 fort.
499 340 554 354 =
583 323 777 365 fortasse.

364 391 390 430 z'.
423 403 553 443 mut-9.
588 410 640 423 =
672 390 714 431 in
745 388 947 442 margine.

368 458 444 500 litt.
477 477 532 490 =
561 458 702 500 littera
733 458 897 499 litterae
929 457 1022 500 sim.

365 539 471 568 man.
504 530 546 568 et
576 539 624 565 m.
659 544 713 557 =
744 537 893 568 manus
924 530 996 568 aut
1026 539 1167 568 manu.

367 606 443 633 om.
478 612 533 625 =
564 593 718 635 omittit
749 593 957 636 omittunt.

365 675 449 704 ras,
482 680 536 693 =
567 674 733 716 rasura3
774 674 880 701 eras.
913 681 968 694 π
999 673 1178 704 erasum.

367 743 450 770 rec.
484 748 538 762 =
569 741 714 771 recens
745 729 904 771 recenti
933 729 1025 772 sim.

367 812 398 838 s.
432 817 487 829 -—-
517 796 814 851 suprascripsit
844 796 1176 852 suprascriptum
1207 798 1299 842 sim.

367 864 498 919 suppl.
541 867 611 914 (Ξ
646 865 859 919 suppleuit
894 865 1000 917 sim.)
1047 866 1231 921 ponitur,
1278 868 1314 910 si
1359 867 1459 922 quid
1503 881 1531 910 a
1574 868 1758 912 librariis
1802 869 1983 924 primum
2040 904 2042 908 .

453 932 653 975 omissum
685 933 838 976 deinde
869 933 1187 988 superadditum
1219 939 1294 977 est.

371 1008 422 1042 tr.
456 1020 510 1033 Ξ
541 1002 776 1056 transponit
806 1001 897 1043 sim.

369 1083 408 1111 u.
440 1089 494 1101 =-
523 1081 682 1112 uersus,

374 1137 455 1178 uid.
487 1157 541 1170 =
571 1136 750 1179 uidetur.

372 1204 377 1260 Ι
409 1205 534 1248 finem
567 1218 723 1258 uersus,
756 1204 770 1259 ΙΙ
799 1203 925 1247 finem
956 1205 1140 1260 paginae
1172 1205 1392 1259 significat.

373 1273 579 1316 Zonaram
614 1277 656 1315 et
687 1272 932 1327 Syncellum
964 1273 1063 1316 dedi
1099 1272 1326 1316 editionem
1360 1275 1622 1318 Bonnensem
1662 1279 1853 1331 secutus,
1897 1277 1986 1320 Ari-

456 1346 589 1384 steam
623 1355 675 1383 ex
707 1340 892 1383 editione
926 1341 1118 1384 Mauricii
1150 1340 1342 1384 Schmidt
1381 1343 1555 1393 (Archiv
1584 1345 1653 1387 fiir
1679 1343 1990 1387 wissenschaft-

456 1410 567 1452 liclie
596 1410 881 1464 Erforschung
912 1409 987 1452 des
1018 1411 1134 1453 alten
1166 1410 1438 1454 Testaments
1469 1425 1553 1454 von
1584 1412 1793 1455 Adalbert
1822 1413 1942 1456 Merx
1973 1413 1993 1455 I

458 1478 584 1521 Halle
615 1480 747 1526 1869).

373 1547 580 1589 Diuersae
625 1546 817 1589 codicum
858 1559 1006 1589 manus
1044 1546 1107 1589 ita
1143 1545 1368 1589 distinctae
1408 1550 1523 1598 sunt,
1571 1552 1617 1590 ut
1656 1548 1844 1604 litterae,
1886 1562 1995 1603 quae

460 1614 648 1656 codicem
688 1613 902 1668 designat,
943 1627 1141 1657 numerus
1182 1613 1438 1668 adponatur‚
1484 1615 1601 1658 uelut
1637 1617 1694 1658 A¹
1736 1617 1781 1659 id
1822 1617 1995 1672 indicat,

462 1682 574 1735 quod
604 1682 647 1724 in
681 1683 715 1723 A
747 1682 824 1723 fuit
855 1688 1082 1736 antequam
1115 1683 1412 1736 corrigeretur,
1445 1684 1504 1725 Α2
1534 1683 1602 1738 id,
1639 1683 1754 1738 quod
1785 1690 1995 1728 corrector
2052 1700 2055 1706 ’

461 1749 659 1804 reposuit.
710 1749 791 1792 nisi
823 1750 979 1793 dictum
1012 1756 1088 1805 est,
1120 1751 1213 1805 quis
1237 1750 1480 1805 correxerit,
1512 1759 1722 1795 corrector
1744 1753 1993 1807 intellegen-

464 1818 540 1860 dus
572 1823 637 1861 est
667 1818 838 1872 primus.
888 1819 932 1861 id
965 1818 1145 1872 denique
1178 1818 1432 1861 monendum
1465 1824 1547 1872 est,
1589 1820 1631 1862 in
1661 1821 1699 1862 A
1730 1833 1875 1863 omnes
1906 1834 1996 1864 cor-

463 1890 669 1939 recturas,
703 1900 810 1940 quae
843 1887 1013 1940 quidem
1045 1887 1222 1930 alicuius
1254 1886 1337 1928 sint
1369 1888 1591 1942 momenti,
1626 1888 1680 1930 ab
1713 1902 1794 1931 uno
1826 1889 1998 1932 homine

462 1955 597 1996 factas
628 1953 785 2010 uider-53
819 1967 948 2008 quare
980 1968 1031 1997 ea
1062 1967 1242 2008 quoque,
1276 1967 1386 2007 quae
1417 1955 1560 1997 manui
1592 1958 1615 1996 2
1648 1955 1776 1998 tribui
1807 1956 1997 2000 eiusdem

466 2035 571 2076 esse,
605 2023 724 2066 cuius
754 2024 1012 2076 reliquarum
1044 2029 1376 2066 correcturarum
1408 2035 1506 2077 pars
1537 2023 1683 2066 maior.

558 2326 813 2371 Addendum
845 2327 898 2371 de
931 2328 1151 2383 Excerptis
1182 2328 1478 2384 Neapolitanis
1509 2332 1563 2382 (p.
1586 2329 1764 2379 XLIID:

383 2418 595 2473 Excerpta
625 2418 930 2473 Neapolitana,
972 2432 1081 2473 quae
1114 2433 1255 2462 eorum
1288 2433 1341 2462 ex
1371 2419 1569 2462 XI—XV
1601 2425 1769 2475 sumpta
1798 2423 1913 2474 sunt,
1954 2420 1996 2463 in

469 2486 662 2529 omnibus
692 2491 860 2541 praeter
891 2500 1025 2542 pauca
1057 2490 1099 2529 et
1133 2488 1304 2530 minima
1335 2487 1600 2530 consentiunt
1641 2501 1733 2530 cum
1765 2487 1813 2542 V,
1854 2492 1899 2530 ut
1936 2488 1997 2530 in-

471 2555 617 2596 tellexi
655 2555 820 2597 collatis
850 2556 911 2598 XI
939 2557 1070 2597 1—37
1103 2560 1144 2598 et
1174 2555 1453 2598 X1114—31.
1515 2556 1642 2598 etiam
1673 2555 1714 2598 in
1745 2557 1862 2599 I-X
1901 2569 1996 2599 cum

470 2622 619 2666 eodem
652 2623 686 2666 V
719 2637 769 2667 ea
799 2624 938 2667 facere
970 2624 1091 2667 uol.I
1123 2626 1252 2679 praef.
1286 2639 1325 2679 p.
1347 2624 1465 2667 XLII
1496 2623 1596 2667 dixi.
