2029 3392
551 217 710 262 ANTIQ.
738 218 833 253 lUD.
862 219 909 252 xl
937 224 1068 254 :so—42
1095 225 1156 259 (ιιι.
1174 229 1200 252 ·.ι.
1218 228 1249 262 ³)
1680 223 1720 258 11

69 335 322 394 γειλάμενος
360 329 507 382 αιτοῑς
554 331 761 387 παρέξειν
800 332 880 382 τὰς
920 332 1087 387 ὁωρεας
1128 334 1269 389 ε’ριιιιῖ
1307 334 1385 386 μὲν
1425 334 1500 374 τὸν
1541 336 1729 387 ιριῖιον,

72 404 111 448 εἰ
141 401 163 447 ὁ
198 401 315 451 οἶνος
345 398 620 455 ιῖιιερισχίει,
653 398 728 441 τὸν
760 399 962 452 δεύτερον
995 401 1053 447 ὸί
1087 401 1125 442 εἰ
1158 402 1197 442 οἱ
1229 402 1440 454 βασιλεῖς
1478 400 1554 441 ιὸιι
1586 418 1731 454 τριτον

71 472 139 521 δέ,
179 470 217 512 εἰ
260 469 303 511 αἱ
341 476 537 524 γιναῑκες
577 461 601 523 ἢ
640 467 806 510 τούτων
837 468 1004 520 μαλλον
1037 466 1055 522 1‘
1101 465 1306 525 (ιλίθεια.
1366 471 1504 510 ταῦτα
1542 473 1733 523 ιροθεις

71 534 220 587 αὐτοῖς
259 536 398 593 ζητεῖν
435 531 663 589 ἡσύῃχασεν
729 532 898 590 ὄρθρου
939 536 982 577 δὲ
1024 536 1432 589 μεταιεμψάιιενος
1469 536 1571 585 τοὶς
1608 554 1729 592 μεγι-
1747 543 1795 579 ῖιῖ

21 617 41 651 5
68 607 230 655 στᾶνας
258 605 328 646 καὶ
362 603 596 658 σατράπας
626 604 698 645 καὶ
730 603 959 657 τοπάρχας
987 620 1029 644 τι
1017 605 1065 658 ἦς
1087 604 1307 657 ΙΙερσίὸος
1337 620 1408 645 και
1434 604 1639 660 Ὴιὸικης
1660 622 1729 646 και

69 676 261 722 καθίσας
300 670 344 713 ἐν
384 666 419 711 ιιῖ
455 670 736 728 χρηματίζειν
776 670 953 721 εἰώθει,
993 673 1080 712 τῶν
1121 670 1511 726 σιιιιιιιιοηιλάνιιιη
1552 687 1732 714 ικαστον

69 739 287 784 ἐκέλεισεν
319 738 500 780 πάντων
541 734 788 781 άνοιόντων
828 734 1170 794 ἀποφαίνεσθαι
1204 738 1252 781 τὸ
1287 740 1440 781 ὸοκοῦι
1474 736 1590 794 αὐτιῖ
1630 742 1731 794 περὶ

67 810 154 852 τῶν
184 811 496 862 προκειμένων

182 880 219 918 3.
253 877 337 918 Καὶ
370 872 392 916 ὁ
428 877 604 930 πρῶτος
635 871 795 932 ἤρξατο
836 875 974 929 λέγειν
1004 873 1082 928 τὴν
1112 876 1189 916 τοῦ
1229 874 1349 915 οἴνου
1383 874 1565 927 δύναμιν
1598 870 1799 925 ουτωςῖἆκ

8 955 42 989 10
69 939 201 1000 αὐτὴν
241 941 514 1000 ἐμφανίζων·
555 939 739 997 ,,ὀὶνόρες
776 941 859 998 γὰρ
901 940 1046 994 εἶπεν,
1093 940 1174 997 ἐγώ
1216 940 1293 997 τὴν
1334 941 1455 994 ἰσχὺν
1494 944 1569 984 τοῦ
1612 943 1732 985 οἴνου

67 1010 407 1066 τεκμαιρόμενος
446 1010 594 1052 πάντα
635 1007 997 1066 ὗμιῑερβάλλουσαν
1037 1006 1221 1064 εὑρίσκω
1261 1009 1401 1065 τοί-τῳ
1447 1011 1509 1064 τῷ
1556 1009 1733 1065 τρόπῳ·

69 1078 257 1136 σφάλλει
287 1077 369 1134 γὰρ
399 1081 488 1120 τιῦν
519 1078 741 1121 πινόντων
774 1074 906 1120 αὐτὸν
941 1079 1013 1120 καὶ
1037 1073 1191 1134 ἀπατᾷ
1220 1075 1298 1134 τὴν
1321 1077 1523 1119 διάνοιαν
1554 1079 1626 1119 καὶ
1657 1077 1801 1134 τιὶνῖὶῖι

67 1149 144 1191 τοῦ
173 1148 394 1201 βασιλέως
430 1163 482 1203 τη
522 1148 599 1188 τοῦ
632 1142 831 1203 ορφανοῦ
862 1148 935 1189 καὶ
968 1147 1176 1200 ὸεοιιένου
1206 1145 1446 1202 κηδεμόνος
1476 1142 1636 1199 ὁιιοίαν
1667 1150 1734 1188 τί-

67 1218 217 1273 θησιν,
248 1216 319 1257 καὶ
350 1214 428 1270 τ’)ιιιι
449 1216 525 1256 τοῦ
549 1213 707 1257 ὄούλοι
739 1215 975 1270 διεγείρει
965 1212 1080 1269 πρὸς
1110 1218 1364 1269 παρρησιάν
1384 1214 1462 1255 τοῦ
1484 1211 1734 1266 ἐλευθέρου,

6 1294 42 1330 25
66 1277 96 1340 ἥ
123 1299 172 1326 τε
201 1285 279 1325 τοῦ
309 1285 499 1339 πένητος
529 1279 665 1336 ὁμοία
694 1286 862 1338 γίνεται
891 1284 945 1338 τῆ
983 1283 1061 1324 τοῦ
1101 1282 1341 1324 πλουσίου·
1379 1290 1618 1334 μεταποιεῖ
1651 1298 1734 1337 γαρ
1750 1288 1802 1325 44)

67 1351 139 1394 καὶ
169 1366 411 1407 μεταγεννα
447 1349 527 1400 τὰς
558 1350 702 1404 ψιχὰς
742 1349 786 1392 εἰι
818 1346 973 1400 αὐταῖς
1013 1348 1312 1404 ἐγγενόμενος,
1352 1350 1425 1391 καὶ
1464 1351 1552 1390 τιῦν
1581 1349 1660 1402 μὲν
1691 1348 1735 1391 ἐν

68 1421 278 1476 συμφορᾷ
308 1418 647 1476 καθεστηκότων
669 1421 871 1474 σβέννυσι
902 1417 950 1459 τὸ
976 1418 1156 1469 λυποῦν,
1188 1415 1290 1466 τοὺς
1322 1417 1367 1459 δὲ
1391 1412 1602 1471 ἀλλότρια
1630 1420 1737 1470 χρέα

67 1486 286 1541 λαβόντας
324 1486 387 1537 εἰς
429 1487 572 1544 λήθην
605 1483 700 1542 ἄγει
729 1489 802 1529 καὶ
833 1494 958 1529 ποιεῖ
986 1485 1129 1528 δοκεῖν
1161 1480 1319 1533 αὐτοὺς
1351 1481 1561 1527 ἁπάντων
1597 1485 1735 1526 πλου-

68 1554 328 1605 σιωτάτους,
361 1552 420 1605 (ὃς
449 1555 584 1611 μηδὲν
614 1554 769 1610 μικρὸν
801 1557 1110 1611 φθέγγεσθαι,
1141 1551 1369 1594 ταλάντων
1402 1552 1448 1594 δὲ
1478 1554 1737 1609 μεμνῆσθαι

6 1630 42 1666 20
65 1623 140 1666 καὶ
169 1624 257 1664 τῶν
287 1631 382 1672 τοῖς
412 1620 646 1677 εὐδαίμοσι
675 1621 988 1679 προσηκόντων
1019 1617 1261 1674 ὀνομάτων.
1323 1619 1387 1662 ἔτι
1417 1636 1464 1675 γε
1484 1618 1570 1675 μὴν
1601 1626 1799 1675 στρα-41

69 1692 212 1747 τηγιῦν
241 1692 313 1733 καὶ
344 1691 565 1744 βασιλέων
598 1686 900 1746 αναισθήτους
931 1685 1227 1768 ἀπεργάζεται
1256 1689 1330 1730 καὶ
1362 1689 1506 1744 φίλων
1540 1689 1612 1730 καὶ
1635 1702 1737 1730 συν-

69 1756 197 1816 ήθων
228 1757 394 1813 εξαιρεῑ
422 1757 616 1815 μνήμην·
647 1754 784 1802 ὁπλίζ
784 1773 823 1800 ει
851 1756 934 1813 γὰρ
963 1773 1066 1807 τους
1104 1753 1375 1811 ἀνθρώπους
1404 1756 1477 1797 καὶ
1507 1754 1618 1797 κατὰ
1649 1757 1736 1797 τιῦν

71 1825 299 1883 φιλτάτων
328 1827 399 1868 καὶ
433 1826 576 1869 δοκεῖν
607 1833 731 1868 ποιεῖ
760 1824 942 1867 πάντων
973 1820 1366 1879 ἀλλοτριωτάτους.
1425 1824 1498 1865 καὶ
1529 1818 1636 1866 όταν
1661 1822 1736 1879 νή·
1752 1829 1804 1868 42

71 1900 239 1949 ψαντες
268 1893 457 1947 τύχωσιν
487 1895 561 1937 καὶ
591 1894 813 1949 καταλίπῃ
846 1891 920 1935 διὰ
951 1894 1029 1950 τῆς
1059 1890 1210 1942 νυκτὸς
1252 1886 1410 1941 αὐτοὺς
1441 1887 1462 1934 ὅ
1497 1887 1616 1940 οἶνος
1644 1907 1738 1933 κοι-

181 2017 202 2058 ξ
228 2017 270 2050 36
294 2033 339 2045 =
367 2018 396 2050 1.
415 2014 509 2049 Esra
532 2014 586 2048 III
611 2018 643 2050 8.

182 2115 508 2152 PFLAVWELat
519 2114 684 2151 Zonaras
708 2116 725 2151 Ι
748 2127 784 2161 p.
810 2119 889 2152 312.

183 2175 203 2208 2
227 2169 327 2209 *τὸν
343 2169 531 2218 δεύτερον]
555 2172 714 2208 seeundo
732 2173 778 2214 (h.
797 2182 827 2208 e.
847 2169 892 2209 τὸ
911 2169 1100 2219 δεύτερον)
1116 2171 1188 2206 Lat
1256 2172 1463 2218 *βασιλεῖσ,
1480 2183 1511 2206 ει
1527 2179 1572 2204 ex
1589 2183 1629 2206 ευ
1646 2180 1737 2205 corr.

72 2228 103 2264 L
118 2240 189 2266 rex
207 2229 279 2264 Lat
348 2226 418 2265 τὸν
442 2229 481 2266 δὲ
497 2230 628 2277 τρίτον
644 2234 688 2265 tr.
706 2228 738 2263 E
810 2232 829 2264 3
855 2226 919 2274 *7’1']
944 2231 1008 2265 καὶ
1024 2228 1072 2263 W
1142 2232 1161 2263 5
1188 2225 1398 2275 σατράπας]
1423 2223 1516 2263 τοὺσ
1533 2223 1738 2273 σατράπασ

72 2284 118 2320 W
187 2282 404 2333 τοπάρχους
427 2285 586 2320 Dindorf
648 2296 842 2332 persarum
865 2290 899 2321 et
922 2285 1107 2321 medorum
1123 2285 1194 2320 Lat
1262 2285 1409 2331 μηδίασ,
1435 2285 1499 2319 loco
1514 2284 1538 2318 i.
1556 2292 1626 2317 ras.
1645 2293 1738 2317 corr.

72 2343 104 2376 A
171 2344 192 2377 6
214 2343 396 2384 καθίσασ,
420 2342 434 2377 ί
456 2341 478 2376 i.
495 2351 564 2378 ras.
581 2342 616 2375 A
685 2340 726 2379 ἐν
750 2336 780 2391 ᾧ
795 2339 992 2383 -εἰαὶθει1
1017 2342 1056 2376 in
1079 2341 1171 2376 solio
1197 2352 1268 2387 quo
1293 2340 1433 2376 solebat
1456 2340 1527 2374 Lat
1596 2337 1737 2381 εἰώθει]

72 2395 188 2446 εἰῶθη
210 2398 240 2433 F
265 2396 393 2436 εἰώθει
418 2395 528 2435 τόπω
550 2397 650 2436 LAV
718 2398 940 2436 *ἐκέλευσεν
963 2396 1127 2435 ἕκαστον
1150 2400 1194 2434 tr.
1212 2399 1247 2431 A
1318 2401 1335 2432 ’1
1361 2396 1529 2433 ἐκέλευσε
1549 2396 1694 2432 FLVW

75 2481 116 2513 10
139 2475 252 2516 ἄνὸεσ
275 2477 305 2513 F
401 2481 438 2512 11
467 2456 754 2525 τεκμὲρόμενοσ
777 2478 808 2513 L
905 2480 944 2512 12
969 2475 1167 2524 1·“σιράλλει]
1194 2474 1349 2523 σφάλλει
1371 2489 1412 2513 τε
1428 2475 1556 2510 P²AW
1647 2477 1738 2512 *καὶ

73 2530 141 2581 τὴν
163 2555 204 2560 -
233 2537 274 2571 13
300 2531 488 2583 ὀρφανοῦ]
512 2535 536 2570 i.
553 2545 664 2579 marg.
691 2549 739 2583 γρ
761 2536 826 2571 καὶ
850 2537 909 2580 τῆι
934 2537 1003 2571 τοῦ
1025 2533 1235 2581 βασιλέωσ,
1259 2530 1327 2579 τὴν
1350 2535 1418 2569 τοῦ
1444 2528 1641 2577 ὀρφανοῦ·
1660 2533 1694 2566 Α

73 2587 166 2638 *τὴν
181 2601 250 2627 om.
268 2591 313 2626 W
386 2594 426 2627 13
450 2594 523 2637 *τῇ
539 2602 608 2627 om.
626 2591 673 2626 P¹
763 2590 976 2637 κηδόμενοσ
999 2591 1029 2625 F
1054 2591 1281 2638 κηδεμονίαν
1303 2589 1336 2624 Ε
1406 2590 1533 2635 τίθησι
1556 2588 1586 2623 F
1590 2589 1737 2625 LVWE

74 2648 112 2682 et
131 2656 176 2683 ex
200 2658 290 2683 corr.
314 2648 348 2682 A
443 2651 483 2684 15
509 2641 570 2694 *7‘1'1
596 2645 636 2685 εἴ
652 2648 682 2682 F
779 2651 819 2683 16
845 2649 961 2684 *ταῖσ
985 2653 1128 2695 ψυχαῖσ
1151 2647 1182 2681 F
1257 2645 1299 2682 ἐν
1323 2641 1453 2688 αὐταῖς
1475 2642 1738 2692 ἐγγενόμενος]

75 2700 117 2740 ἐν
140 2700 275 2741 αὐταῖσ
297 2700 548 2751 ἐγγινόμενοσ
571 2704 602 2740 V
626 2703 669 2741 ἐν
692 2700 828 2741 αὖτοῐσ
850 2701 1063 2751 γενόμενοσ
1086 2703 1145 2745 W,
1173 2713 1241 2738 om.
1265 2701 1378 2736 ELat
1479 2705 1518 2736 17
1543 2699 1737 2738 καθεστώ-

77 2771 153 2796 των
173 2759 220 2795 W
313 2762 356 2795 18
380 2757 510 2808 λήθην]
535 2758 655 2808 λήθην
679 2758 805 2798 αὐτῶν
828 2761 860 2795 Ε
964 2763 1004 2795 19
1027 2759 1152 2806 μηδὲν]
1176 2758 1288 2805 μηδὲν
1311 2758 1380 2803 μὲν
1404 2758 1435 2793 V
1528 2754 1738 2801 ταλάντων,

76 2827 124 2852 τα
145 2815 167 2851 i.
180 2825 252 2852 ras.
267 2826 313 2852 ex
336 2820 376 2852 λ·
405 2817 478 2853 uid.
505 2828 598 2854 corr.
623 2817 652 2852 P
756 2820 799 2852 20
824 2813 1080 2864 προσηκότων
1103 2815 1150 2850 W
1255 2816 1298 2849 22
1323 2813 1491 2862 *ἐξαίρει
1515 2814 1693 2850 P¹FLAV

75 2872 140 2908 καὶ
161 2892 204 2898 -
227 2875 270 2909 23
294 2868 635 2921 ἀλλοτριωτάτους]
667 2875 930 2920 societatesque
959 2871 1156 2907 dissoluere
1178 2871 1250 2905 Lat
1370 2873 1449 2907 τῶν
1471 2881 1540 2906 om.
1565 2870 1645 2906 WE

77 2928 119 2962 23
141 2930 232 2966 *καὶ
254 2939 323 2966 om.
349 2929 379 2964 F
510 2933 638 2968 δοκεῖν
661 2932 773 2974 ποιεῖ]
798 2929 925 2965 P²WE
950 2931 1056 2965 δοκεῖ
1078 2933 1203 2964 ποιεῖν
1225 2926 1404 2963 P¹FLAV
1530 2929 1574 2962 24
1598 2926 1737 2975 τύχωσι

78 2982 254 3022 FLAVW
321 2987 531 3033 καταλείπῃ
553 2986 582 3021 Ρ
606 2987 805 3024 καταλίπει
829 2985 859 3020 F
883 2986 1100 3027 καταλίποι,
1126 2985 1139 3019 ί
1155 2993 1199 3019 ex
1216 2985 1251 3020 εί
1266 2993 1357 3021 corr.
1373 2995 1418 3019 m.
1438 2986 1458 3018 2
1473 2983 1504 3018 L
