2107 3377
198 211 278 250 156
662 211 843 256 ,ANTIQ
867 211 963 248 IUD.
987 212 1078 247 XIII
1102 214 1236 248 26—33
1260 216 1294 255 (1.
1310 220 1339 245 5.
1356 215 1388 256 6)

115 329 167 369 27
199 342 329 381 μενος
369 322 502 369 αὑτὸν
542 324 662 379 ἔσχεν
701 321 914 382 ἀσφαλῶς
952 329 1327 384 πεφρουρημένον.
1389 325 1607 382 Βακχίδης
1646 324 1693 368 δὲ
1730 321 1856 369 ταῦτ’

111 529 164 570 28

110 1003 163 1044 29

112 1138 215 1181 30²

109 1407 216 1453 31²

109 1684 162 1724 32

109 1821 162 1862 33

199 389 389 444 ἄκου’-σας
418 392 496 451 τήν
526 409 574 435 τε
603 389 712 446 μεθ’
739 391 897 436 ἑαυτοῦ
928 392 1140 450 στρατιὰν
1173 391 1289 449 ἄγων
1316 395 1389 437 καὶ
1410 395 1498 436 τιῦν
1513 389 1738 437 Ἰουδαίων
1759 393 1864 446 τοὺς

198 457 450 517 συμμάχους
480 459 754 516 παραλαβὼν
776 459 853 503 ἐπὶ
873 459 950 504 τὸν
966 456 1182 519 Ἰωνάθην
1201 456 1314 519 ἧκεν,
1345 463 1418 504 καὶ
1440 459 1707 517 προσβαλών
1730 456 1864 505 αὐτοῦ

195 538 289 580 τοῖς
320 524 599 585 ὀχυρώμασιν
631 527 707 571 ἐπὶ
739 527 910 579 πολλὰς
941 524 1073 572 αὐτὸν
1103 526 1267 585 ἡμέρας
1299 528 1566 585 ἐπολιόρκει.
1626 525 1648 571 ὁ
1681 528 1728 572 δὲ
1749 528 1865 586 πρὸς

193 595 273 652 τὴν
304 595 502 654 σπουδὴν
541 598 618 653 τῆς
648 596 910 652 πολιορκίας
948 594 1024 639 οὐκ
1055 595 1298 649 ἐνδίδωσιν,
1340 592 1452 639 ἀλλὰ
1490 597 1711 651 καρτερῶς
1743 593 1866 640 άντι-

196 663 304 715 στὰς
325 668 506 719 Σίμωνα
535 664 615 718 μὲν
646 663 721 707 τὸν
755 659 949 720 ἀδελφὸν
980 664 1024 707 ἐν
1054 667 1108 722 τῇ
1138 663 1270 707 πόλει
1302 665 1563 707 καταλείπει
1583 666 1647 720 τιιῦ
1669 665 1863 722 Βακχίδῃ

195 732 524 788 πολεμήσοντα,
557 731 710 788 λάθρα
742 728 784 775 δ’
813 727 946 782 αὐτὸς
978 731 1041 783 εἷς
1070 732 1148 789 τὴν
1176 732 1323 788 χώραν
1355 730 1549 782 ἐξελθών
1579 733 1652 774 καὶ
1675 747 1865 789 συναγα-

193 799 281 856 γών
317 809 444 854 χεῖρα
483 798 653 856 πολλὴν
693 799 818 857 παρὰ
856 803 944 843 τῶν
982 799 1038 843 τὰ
1080 796 1214 843 αὐτοῦ
1254 799 1536 857 φρονούντων
1575 798 1727 850 νυκτὸς
1763 799 1865 844 ἐπι-

194 871 357 910 πίπτει
387 869 451 923 τῶ
481 869 560 910 τοῦ
581 869 802 922 Βακχίδου
835 868 1125 925 στρατοπεδω
1155 869 1229 910 καὶ
1261 866 1442 921 συχνοῖς
1473 862 1616 910 αυτιῦν
1648 867 1865 925 διαφθεί-

195 951 275 1018 ρας
305 935 498 992 φανερὸς
537 938 610 979 καὶ
647 933 858 994 τάδελφῶ
889 940 1059 1016 Σίμωνι
1088 939 1257 991 γίνεται
1286 944 1382 985 τοῖς
1414 934 1591 989 ἐχθροῖς
1623 934 1866 981 ἐπιπεσών.

194 1005 268 1046 καὶ
306 1020 388 1059 γαρ
420 1006 548 1054 οὗτος
579 1003 850 1082 αἰσθόμενος
880 999 961 1046 υπ’
996 999 1129 1046 αὐτοῦ
1158 1005 1462 1057 κτεινομένους
1492 1018 1594 1052 τους
1625 1004 1866 1058 πολεμίους

195 1070 416 1122 ἐπέξεισιν
449 1067 618 1124 αὐτοῖς,
659 1089 731 1115 και
770 1072 826 1114 τά
863 1088 911 1114 τε
940 1071 1231 1127 μηχανήματα
1261 1070 1316 1112 τὰ
1348 1069 1462 1123 πρὸς
1491 1069 1569 1126 τὴν
1600 1072 1865 1129 πολιορκίαν

197 1142 410 1197 ενέπρησε
438 1142 527 1181 τιῦν
548 1139 825 1183 Μακεδόνων
847 1140 920 1181 καὶ
943 1138 1081 1196 φόνον
1105 1134 1248 1181 αὐτῶν
1271 1137 1419 1181 ἱκανὸν
1442 1136 1691 1193 εἰργάσατο.
1750 1142 1865 1183 θεα-

195 1207 385 1262 σάμενος
418 1203 459 1249 δ’
487 1204 620 1250 αὖτὸν
652 1205 674 1250 ὁ
709 1206 926 1263 Βακχίδης
965 1202 1053 1248 ὑπὸ
1095 1208 1184 1248 τῶν
1217 1205 1389 1260 ἐχθρῶν
1431 1200 1761 1262 ἀπειλημμένον
1790 1208 1865 1250 καὶ

192 1274 296 1325 τοὺς
333 1275 413 1329 μὲν
452 1275 713 1331 ἔμπροσθεν
753 1270 897 1317 αὐτῶν
934 1272 1037 1324 τοὺς
1077 1269 1116 1315 δ’
1152 1270 1349 1316 ὄπισθεν
1388 1276 1753 1330 προσκειμένους,
1800 1274 1864 1326 εἷς

194 1343 394 1397 α’θυμίαν
427 1338 518 1397 ἅμα
548 1344 622 1386 καὶ
652 1341 844 1398 ταραχὴν
875 1343 951 1399 τῆς
981 1341 1183 1392 διανοίας
1215 1339 1419 1384 ἐνέπεσεν
1450 1344 1514 1397 τῷ
1541 1336 1652 1397 παρ’
1679 1340 1866 1393 ἐλπίδας

194 1410 418 1465 αποβάντι
456 1413 534 1467 τῆς
574 1412 837 1468 πολιορκίας
876 1412 1123 1465 συγχυθείς.
1183 1408 1261 1452 τὸν
1290 1412 1442 1464 μέντοι
1471 1425 1520 1466 γε
1547 1406 1661 1466 ὑπὲρ
1696 1410 1866 1454 τούτων

191 1478 339 1533 θυμὸν
379 1478 442 1529 εἰς
481 1477 585 1529 τοὺς
624 1478 846 1536 φυγάδας,
894 1479 937 1520 οἳ
975 1480 1323 1533 μετεπέμψαντο
1366 1476 1491 1534 παρὰ
1530 1479 1608 1520 τοῦ
1643 1478 1865 1532 βασιλέως

196 1543 340 1603 αἰτόν,
373 1542 633 1604 ἀπέσκηψεν
672 1544 732 1598 ιῦς
764 1545 1113 1604 ἐξηπατηκότας,
1155 1544 1358 1600 ἐβούλετο
1400 1545 1447 1588 δὲ
1484 1545 1748 1603 τελευτήσας
1785 1545 1864 1604 τὴν

193 1616 469 1672 πολιορκίαν,
509 1615 548 1658 εἰ
580 1614 778 1668 δυνατόν,
811 1609 1046 1670 εὐπρεπῶς
1077 1612 1140 1664 εἷς
1169 1612 1247 1671 τὴν
1279 1612 1446 1657 οἰκείαν
1476 1610 1776 1669 ὑποστρέψαι.

307 1687 346 1727 6.
379 1681 565 1726 ,Μαθὼν
597 1677 638 1724 δ’
673 1679 809 1725 αὐτοῦ
838 1680 916 1740 τήν
948 1677 1149 1725 διάνοιαν
1175 1676 1390 1739 Ἰωνάθης
1421 1681 1712 1737 πρεσβεύεται
1747 1681 1863 1739 πρὸς

194 1747 327 1794 αὐτὸν
365 1753 470 1804 περὶ
509 1751 665 1808 φιλίας
702 1753 776 1794 καὶ
818 1753 1088 1805 συμμαχίας,
1127 1747 1253 1800 ὅπως
1285 1744 1516 1792 άποδιῦσιν
1547 1745 1756 1807 ἀλλήλοις
1786 1749 1862 1801 οὓς

195 1819 430 1878 εἰλήφασιν
462 1818 768 1873 αἰχμαλώτους
798 1817 1009 1875 ἑκάτεροι.
1070 1821 1256 1870 νομίσας
1287 1817 1334 1859 δὲ
1363 1816 1525 1875 ταύτην
1556 1817 1862 1873 εὐπρεπεστά-

192 1906 270 1945 την
302 1885 324 1931 ὁ
355 1887 575 1943 Βακχίδης
604 1884 682 1943 τὴν
715 1882 990 1940 ἀναχώρησιν
1022 1885 1261 1927 σπένδεται
1290 1884 1406 1939 πρὸς
1434 1883 1512 1927 τὸν
1537 1880 1752 1943 Ἰωνάθην
1783 1902 1861 1943 φι-

195 1958 307 2009 λίαν,
347 1957 419 1999 καὶ
452 1952 630 2009 ὤμοσαν
669 1953 727 2012 μὴ
771 1953 1049 2008 στρατεύσειν
1090 1952 1152 1996 ἔτι
1193 1949 1293 1995 κατ’
1321 1950 1532 2010 ἀλλήλων,
1579 1955 1651 1996 καὶ
1684 1954 1785 2005 τούς
1814 1970 1863 1998 τε

307 2059 328 2099 ξ
356 2060 396 2091 27
424 2073 466 2085 =
496 2060 523 2090 1.
543 2055 708 2091 Maccab.
735 2054 788 2089 IX
815 2057 868 2089 03.

306 2135 840 2172 PFLAMVWELatZouaras
866 2134 882 2167 I
906 2144 941 2177 p.
969 2136 1044 2168 376.

307 2198 323 2229 1
351 2189 468 2229 αὑτὸν
492 2191 667 2226 PFLVW
693 2187 830 2227 ἑαυτὸν
854 2190 886 2224 Ε
970 2187 1069 2235 εἶχεν
1093 2188 1282 2223 LAMWE
1360 2190 1478 2224 ταῦτα
1502 2188 1659 2224 AMVW
1729 2191 1748 2223 2
1773 2185 1862 2234 μετ’

193 2247 309 2288 αι’-τοῦ
333 2249 455 2285 AMW
551 2244 706 2294 α’γαγὼν
730 2247 760 2281 F
855 2251 873 2281 -1
899 2242 1147 2293 *ὀχυρώμασι
1173 2245 1202 2279 F
1274 2240 1421 2291 ἧμέρασ
1447 2239 1565 2281 αὖτὸν
1589 2250 1632 2280 tr.
1659 2245 1816 2281 AMWE

191 2311 210 2343 6
235 2308 315 2352 μὲν]
341 2306 409 2351 μὲν
426 2303 530 2341 εἷἀσε
548 2307 617 2345 (-εν
633 2304 693 2347 W)
709 2303 867 2338 AMWE
935 2303 1166 2343 καταλείπει]
1185 2311 1252 2336 om.
1271 2301 1426 2336 AMWE
1451 2303 1649 2339 καταλίπει
1674 2302 1704 2336 L
1729 2302 1866 2338 (limisit

191 2364 261 2399 Lat
341 2363 520 2410 *βακχίδι
544 2361 574 2395 F
659 2364 674 2394 ῖ
702 2363 913 2406 πολεμῆσαι
938 2358 1126 2393 LAMWE
1220 2355 1388 2404 *λάθραι
1413 2358 1445 2391 A
1525 2355 1691 2401 ἐξελθὼν
1715 2358 1771 2395 εἰσ
1796 2355 1864 2404 τὴν

189 2418 323 2467 χώραν
339 2424 383 2454 tr.
404 2418 558 2453 AMWE
631 2421 649 2451 S
676 2413 804 2459 αὖτοῦ]
823 2412 916 2452 αι’-τα
937 2416 1063 2451 PFLV
1082 2411 1185 2459 αι’-τῷ
1201 2415 1240 2449 Μ
1312 2412 1424 2451 νύκτα
1443 2414 1519 2450 cod.
1538 2415 1649 2450 Busb.
1663 2414 1696 2449 E
1716 2412 1863 2462 νύκτωρ

190 2477 266 2512 Zon
338 2480 357 2509 ξ)
382 2478 449 2512 τοῦ
475 2485 543 2510 om.
562 2474 692 2509 FLVE
764 2473 1050 2520 *στρατοπέδω,
1076 2487 1105 2508 ω
1131 2482 1173 2506 ex
1192 2484 1231 2507 ο-
1253 2481 1343 2506 corr.
1362 2482 1405 2506 m.
1426 2473 1445 2505 2
1462 2471 1493 2505 L
1567 2475 1606 2505 10
1632 2473 1685 2507 τῶ
1709 2466 1863 2516 α’δελφῶ

192 2534 224 2568 Ε
295 2534 487 2579 *γίγνεται
505 2531 626 2566 AMW
700 2535 735 2565 11
765 2527 853 2572 τοὺς
877 2531 1084 2574 πολεμίους
1107 2539 1174 2564 om.
1194 2527 1258 2562 FV
1331 2531 1369 2563 13
1388 2528 1410 2562 i.
1429 2537 1538 2572 marg.
1557 2526 1604 2562 II
1617 2527 1688 2562 Lat
1759 2530 1800 2562 14
1824 2523 1861 2563 δ’

193 2585 310 2626 αὐτὸν
337 2588 474 2623 PFLW
500 2585 536 2624 δ’
563 2584 701 2625 ἑαυτὸν
726 2591 780 2630 (ex
806 2587 843 2624 δὲ
869 2583 987 2623 αι’·τὸν
1012 2596 1104 2621 corr.
1128 2585 1174 2625 A)
1198 2584 1271 2618 AM
1305 2585 1342 2621 δὲ
1368 2580 1505 2620 ἑαυτὸν
1531 2583 1564 2618 Ε
1695 2588 1731 2619 15
1758 2579 1863 2620 αὐτῶ

191 2646 445 2681 FLAMVWE
539 2641 579 2682 δὲ)
606 2645 637 2679 Ε
730 2642 899 2680 *ὄπισθε
925 2644 953 2678 F
1048 2643 1126 2685 *εἰς
1150 2653 1216 2677 om.
1237 2642 1264 2675 P
1361 2644 1397 2675 1?
1427 2643 1490 2686 τῆς
1514 2641 1748 2687 πολιορκίας]
1774 2642 1861 2687 περὶ

194 2699 260 2749 τὴν
278 2703 505 2748 πολιορκίαν
522 2701 677 2736 LAMW
753 2704 790 2735 13
818 2704 950 2746 θυμῶν
968 2700 1013 2734 W
1090 2703 1127 2733 19
1153 2697 1392 2744 *ἐπέσκηψεν
1408 2697 1473 2731 FV
1551 2694 1860 2743 *ἐξηπατικώτασ

192 2759 220 2794 Ρ
292 2756 526 2805 τελευτήσας]
553 2758 712 2795 τελέσασ
738 2757 834 2792 FLV
906 2761 947 2792 20
974 2758 1008 2793 εἰ
1030 2756 1190 2793 δυνατόν
1215 2765 1283 2790 om.
1308 2755 1340 2788 V
1413 2749 1615 2799 εὖπρεπιῦσ
1641 2753 1675 2789 εἰ
1697 2751 1860 2790 δυνατόν

192 2819 237 2851 tr.
262 2816 418 2850 AMWE
489 2815 638 2851 *οἰκίαν
661 2814 847 2849 FLAMW
919 2810 1201 2858 *ὗποστρέφειν
1218 2812 1250 2846 V
1320 2814 1359 2846 21
1386 2811 1408 2845 i.
1427 2820 1535 2854 marg.
1553 2807 1597 2857 β’
1618 2811 1649 2845 Ε
1720 2810 1757 2847 δὲ
1782 2810 1816 2846 Ε

193 2869 242 2908 *ὁ
269 2869 438 2918 ι’ωνάῧησ
463 2872 502 2908 Μ
573 2875 614 2906 22
639 2868 883 2908 *ἀποδώσειν
907 2870 936 2904 F
1008 2873 1049 2905 23
1076 2865 1353 2914 *άπειλήφασιν
1377 2867 1404 2902 Ρ
1476 2864 1809 2913 *ἐκπρεπεστάτην
1832 2866 1862 2902 Ρ

194 2925 500 2974 εὐπρεπεστέραν
524 2928 621 2963 FLV
646 2928 885 2963 honestiorem
912 2927 982 2961 Lat
1052 2930 1093 2961 25
1119 2923 1272 2971 ὤμοσεν
1295 2924 1341 2958 W
1412 2921 1630 2969 στρατεύειν
1655 2922 1815 2959 PFLVE

194 2982 273 3021 *ἔτι
301 2980 401 3025 κατ’]
427 2983 487 3020 ἐπὶ
514 2981 580 3030 τὴν
603 2984 677 3019 AM
702 2982 755 3020 ἔτι
781 2980 848 3029 τὴν
867 2983 910 3017 W
992 2985 1055 3019 καὶ
1080 2993 1146 3018 om.
1165 2980 1355 3016 LAMWE
1381 2980 1475 3015 haud
1500 2979 1591 3015 male
1663 2993 1702 3016 τε
1726 2989 1794 3015 om.
1814 2979 1861 3015 W

1895 943 1933 977 10

1893 1282 1931 1315 15
