2107 3377
267 186 352 224 224
695 186 1092 231 ANTIQ.1UD.X111
1117 190 1297 224 390—394
1318 190 1389 232 (xv
1405 191 1504 232 1—3)

268 302 544 358 Χαβερσαβᾶ
581 295 844 356 ἀρξάμενος,
884 299 910 357 ἢ
951 301 1026 343 νῦν
1055 295 1341 365 Ἀντιπατρὶς
1370 302 1590 355 καλεῖται,
1632 319 1732 359 αχρι
1759 305 1837 360 τῆς
1872 303 1935 356 εἰς

260 364 449 426 Ἰόππην
479 367 727 425 θαλάσσης,
758 370 783 424 ᾖ
815 369 889 411 καὶ
919 367 1055 422 μόνον
1084 366 1137 425 ἦν
1157 367 1399 424 ἐπίμαχον·
1428 369 1572 424 τεῖχός
1592 365 1634 412 τ’
1662 369 1832 427 ἐγείρας
1861 374 1936 416 καὶ

267 436 462 493 πύργους
493 431 745 492 ἀναστήσας
777 434 974 486 ξυλίνους
1012 436 1085 479 καὶ
1125 436 1404 493 μεταπύργια
1434 436 1511 480 ἐπὶ
1543 437 1751 489 σταδίους
1781 437 1936 483 ἑκατὸν

155 506 232 548 391
267 503 475 560 ἑξήκοντα
514 502 740 582 ἐξεδέχετο
770 501 849 546 τὸν
886 499 1124 558 Ἀντίοχον.
1190 502 1212 548 ὁ
1256 505 1303 548 δὲ
1342 507 1480 548 ταῦτα
1518 505 1668 549 πάντα
1706 505 1937 565 ἐμπρήσας

266 571 489 627 διεβίβαζε
517 570 653 628 ταύτῃ
693 569 772 627 τὴν
810 570 994 626 δύναμιν
1026 572 1100 615 ἐπὶ
1131 571 1210 630 τὴν
1240 568 1468 629 Ἀραβίαν.
1528 568 1860 630 ἀναχωροῦντος
1889 575 1938 619 δὲ
1967 583 1981 592 ’

263 641 343 682 τοῦ
363 635 551 695 Ἄραβος
580 637 636 682 τὰ
667 640 840 694 πρῶτα,
872 638 1031 683 ε’πειτα
1061 640 1172 694 μετὰ
1202 645 1372 696 μυρίων
1404 641 1581 685 ἱππέων
1604 640 1854 701 ἐξαίφνης’
1836 659 1937 687 επι-

266 710 481 764 φανέντος
518 704 778 765 υπαντήσας
817 707 992 759 τούτοις
1021 703 1245 762 Ἀντίοχος
1282 712 1501 766 καρτερῶς
1532 708 1739 764 ἐμάχετο,
1778 712 1853 754 καὶ
1883 709 1935 769 δὴ

266 777 396 818 νικῶν
437 770 667 818 ἀπέθανεν
711 778 1022 834 παραβοηθῶν
1061 778 1124 832 τῷ
1168 779 1379 821 πονοῦντι
1422 781 1559 833 με’ρει.
1628 777 1846 829 πεσόντος
1889 777 1934 822 6³

264 838 493 896 Ἀντιόχου
522 844 596 886 καὶ
626 842 674 887 τὸ
701 843 952 898 στράτευμα
973 843 1124 901 φεύγει
1146 844 1210 896 εἷς
1232 844 1358 888 Κανὰ
1378 845 1540 903 κώμην,
1573 846 1687 890 ἔνθα
1707 844 1756 889 τὸ
1780 847 1937 890 πλεῖον

267 905 411 954 αὐτῶν
442 912 558 968 λιμῶ
589 914 843 969 φθείρεται.

152 982 235 1024 392
382 983 422 1022 2.
454 978 692 1023 Βασιλεύει
723 978 770 1021 δὲ
801 973 899 1033 μετ’
928 974 1061 1022 αὐτὸν
1090 981 1168 1036 τῆς
1197 981 1347 1037 κοίλης
1368 983 1531 1037 Συρίας
1552 977 1734 1038 Ἀρέτας
1753 983 1938 1040 κληθεὶς

267 1045 330 1098 εἷς
359 1045 438 1104 τὴν
471 1044 602 1102 ἀρχὴν
633 1043 722 1090 ὑπὸ
753 1048 841 1089 τῶν
871 1045 950 1104 τὴν
971 1045 1214 1101 Δαμασκὸν
1245 1047 1431 1101 ἐχόντων
1463 1048 1536 1091 διὰ
1558 1048 1607 1091 τὸ
1630 1048 1746 1106 πρὸς
1765 1051 1938 1094 Πτολε-

265 1123 400 1169 μαῖον
441 1113 518 1158 τὸν
549 1119 780 1158 ,Μενναίου
817 1123 962 1168 μῖσος.
1024 1114 1293 1170 στρατεύσας
1333 1110 1374 1157 6³
1410 1113 1582 1158 ἐκεῖθεν
1623 1115 1699 1159 ἐπὶ
1729 1116 1806 1175 τὴν
1831 1113 1938 1162 Ἰου-

267 1183 398 1226 δαίαν
427 1184 501 1225 καὶ
531 1184 637 1238 περὶ
667 1179 823 1225 Ἄδιδα
858 1185 1022 1238 χωρίον
1053 1181 1167 1239 μάχῃ
1200 1183 1380 1240 νικήσας
1407 1179 1697 1241 Ἀλέξανδρον
1727 1184 1804 1230 ἐπὶ
1835 1200 1938 1229 συν-

264 1250 429 1308 θήκαις
462 1246 732 1307 ἀνεχώρησεν
764 1249 810 1292 ἐκ
838 1251 916 1305 τῆς
941 1245 1171 1300 Ιουδαίας.

151 1323 233 1364 393
381 1317 418 1361 3.
451 1313 737 1401 Ἀλέξανδρος
769 1313 810 1360 6>
838 1316 1000 1368 ἐλάσας
1031 1315 1168 1368 αὖθις
1199 1317 1276 1361 ἐπὶ
1300 1321 1418 1362 Δίαν
1448 1318 1582 1363 πόλιν
1614 1320 1734 1376 αἱρεῖ
1759 1320 1936 1379 ταύτην,

264 1386 338 1429 καὶ
370 1385 641 1441 στρατεύσας
662 1387 739 1429 ἐπὶ
760 1382 938 1439 Ἔσσαν,
971 1381 1021 1429 οὗ
1042 1404 1097 1429 τα
1119 1387 1335 1430 πλείστου
1367 1382 1470 1438 ἄξια
1491 1387 1665 1446 Ζηνωνι
1685 1391 1939 1443 συνέβαινεν

266 1451 394 1507 εἶναι,
425 1456 571 1511 τρισὶν
601 1454 680 1509 μὲν
710 1450 972 1509 περιβαλλει
1002 1457 1191 1507 τείχεσιν
1219 1453 1270 1498 τὸ
1299 1459 1474 1510 χωρίον,
1515 1451 1650 1511 ἀμαχὶ
1682 1455 1729 1499 δὲ
1760 1455 1938 1514 [λαβὼν]

152 1529 235 1569 394
266 1521 344 1581 τὴν
384 1522 518 1566 πόλιν
559 1521 635 1565 ἐπὶ
668 1521 899 1565 Γαύλαναν
939 1523 1014 1565 καὶ
1045 1521 1302 1565 Σελεύκειαν
1342 1522 1604 1581 ἐξώρμησεν.
1664 1523 1938 1580 παραλαβών

266 1591 313 1634 δὲ
351 1593 426 1635 καὶ
462 1590 626 1641 ταύτας
656 1590 939 1646 προσεξεῖλεν
980 1592 1052 1633 καὶ
1091 1589 1171 1645 τὴν
1201 1586 1428 1645 Ἀντιόχου
1468 1593 1702 1650 λεγομένην
1732 1591 1938 1651 φάραγγα

263 1660 338 1703 καὶ
371 1658 556 1714 Γάμαλα
595 1658 645 1702 τὸ
689 1658 917 1716 φρούριον.
978 1658 1168 1714 ἐγκαλῶν
1208 1658 1256 1701 δὲ
1295 1658 1442 1702 πολλὰ
1471 1664 1714 1719 Δημητρίῳ
1755 1663 1819 1717 τῷ
1847 1663 1938 1704 τῶν

377 1785 399 1829 ς)
425 1787 491 1819 390
516 1801 558 1812 =
583 1782 665 1818 bell.
691 1782 771 1818 Iud.
796 1783 814 1817 Ι
839 1786 893 1818 99.

378 1884 744 1921 PFLAMVWELat
756 1884 916 1919 Zonaras
941 1884 958 1919 1
981 1895 1016 1929 p.
1044 1887 1121 1919 394.

384 1947 395 1976 l
425 1943 679 1989 Χαβερσαβᾶ]
702 1944 939 1989 χαβαρσαβᾶ
970 1940 1157 1976 LAMWE
1188 1937 1366 1987 χαρζαβὰ
1391 1940 1421 1974 F
1425 1939 1456 1974 V
1486 1940 1686 1986 cascar-eaba
1710 1941 1780 1976 Lat
1808 1945 1938 1988 Καφα-

266 2000 394 2045 ρσαβᾶ
418 1998 504 2033 XVI
532 2001 594 2033 142
721 1997 1012 2044 καταρξάμενοσ
1035 1997 1256 2032 FLAMVW
1385 1999 1403 2031 2
1429 1995 1542 2044 ἰόπην
1566 1998 1596 2033 Ε
1714 1997 1939 2048 *θαλάττησ

264 2054 450 2089 FLAMW
596 2057 686 2091 *καὶ
711 2065 779 2090 om.
804 2054 884 2088 LW
1029 2050 1079 2097 τ’]
1106 2067 1146 2090 τε
1171 2053 1391 2088 FLAMVW
1416 2054 1454 2090 δὲ
1478 2054 1510 2088 Ε
1657 2058 1676 2090 3
1700 2054 1938 2104 μεσοπύργια

264 2111 363 2147 FVE
491 2115 512 2146 4
538 2109 731 2158 ἑξήκοντα]
757 2109 994 2158 πεντήκοντα
1018 2110 1238 2146 FLAMWE
1248 2110 1318 2144 Lat
1345 2106 1378 2145 v'
1397 2110 1429 2145 V
1565 2107 1634 2147 τὸν
1658 2106 1841 2159 ἄντίοχον
1864 2113 1939 2158 ἐξε-

265 2167 393 2214 δέχετο
420 2172 464 2204 tr.
491 2168 745 2204 FLAMVWE
839 2172 857 2203 5
883 2166 1022 2214 ταύτην
1046 2167 1075 2202 F
1168 2170 1188 2202 6
1214 2165 1398 2213 *ἐξέφνησ
1424 2166 1450 2200 Ρ
1553 2171 1569 2201 7
1596 2165 1838 2207 *ἱιπαντίσασ
1860 2171 1892 2206 L

266 2227 284 2259 8
309 2222 384 2261 *τὸ
410 2226 440 2259 L
540 2227 762 2266 *πονοῦντι]
789 2227 953 2262 νικοῦντι
977 2225 1005 2259 Ρ
1113 2224 1151 2261 δὲ
1175 2223 1272 2258 FVE
1388 2226 1407 2257 9
1433 2225 1495 2259 καὶ
1520 2233 1588 2259 om.
1615 2224 1647 2258 E
1773 2225 1816 2263 ἐν
1838 2230 1938 2266 κανᾶ

262 2278 373 2328 κώμη
398 2281 425 2316 Ρ
450 2280 508 2318 εἰσ
531 2279 654 2319 κανὰν
677 2279 790 2318 πόλιν
814 2282 844 2316 Ε
955 2277 1077 2323 Κανὰ]
1103 2277 1200 2318 α’νὰι·
1224 2280 1307 2316 bell.
1332 2280 1410 2314 Iud.
1436 2281 1457 2324 ξ
1487 2283 1550 2315 102
1576 2280 1678 2316 codd.
1703 2283 1868 2320 meliores

265 2341 446 2375 πλεῖστον
469 2339 723 2374 FLAMVWE
745 2338 907 2385 plurima
927 2349 1022 2384 pars
1046 2337 1115 2372 Lat
1186 2341 1227 2372 10
1253 2338 1513 2383 διαφθείρεται
1531 2336 1563 2371 Ε
1637 2341 1674 2373 11
1701 2335 1936 2384 μετάὖτὸν]

263 2392 360 2440 μετὰ
386 2398 525 2432 τοῦτον
541 2395 803 2443 FLAMVWE·
866 2398 1028 2442 κληθεὶς]
1046 2393 1264 2441 ἐπικληθεὶσ
1280 2393 1319 2428 Μ
1415 2396 1454 2428 12
1481 2395 1500 2414 *
1509 2390 1553 2429 τὸ
1567 2413 1574 2420 -
1595 2394 1627 2428 A
1697 2393 1807 2443 πρὸς]
1833 2394 1937 2445 πρὸσ

264 2449 336 2488 τὸν
352 2452 380 2486 Ρ
453 2454 492 2486 13
520 2449 616 2488 *τὸν
635 2453 844 2494 Μενναίου]
862 2453 1003 2488 iuuenis
1019 2452 1089 2488 Lat
1157 2451 1195 2488 δὲ
1212 2450 1244 2486 Ε
1318 2453 1358 2485 14
1375 2447 1502 2486 άδιδον
1520 2450 1547 2484 Ρ
1566 2447 1692 2487 α’δδιδα
1709 2452 1742 2487 V
1758 2450 1888 2490 ἄδιδαν
1904 2454 1937 2489 Ε

265 2508 375 2543 adida
399 2508 470 2544 Lat
537 2507 671 2557 χώραν
695 2509 726 2544 Ε
798 2507 947 2556 *μάχην
963 2509 994 2544 L
1066 2511 1107 2545 1ss
1132 2507 1171 2545 δὲ
1187 2506 1407 2542 FLAMVW
1476 2502 1541 2543 ἐπ’
1558 2507 1656 2543 ἰδίαν
1681 2518 1724 2543 ex
1749 2519 1843 2546 corr.
1859 2510 1891 2545 L

266 2566 374 2607 Δίαν]
401 2565 548 2602 Πέλλαν
571 2566 653 2601 bell.
680 2565 758 2601 Iud.
784 2567 805 2610 ξ
826 2569 888 2602 104
915 2567 1016 2603 Λίαν
1040 2564 1192 2610 Syncell.
1211 2574 1245 2609 p.
1266 2566 1330 2599 559
1350 2566 1443 2599 Δῖον
1467 2562 1618 2599 Hudson
1689 2563 1786 2613 αι”ρει
1810 2566 1891 2602 LW

268 2625 306 2655 17
334 2620 580 2669 στρατευσας]
606 2621 852 2669 στρατεύεται
875 2625 971 2665 (εται
995 2623 1018 2658 i.
1043 2632 1115 2657 ras.
1141 2631 1232 2656 corr.
1258 2621 1303 2662 A)
1328 2619 1481 2655 LAMW
1593 2617 1741 2663 Ἔσσαν]
1767 2625 1885 2659 εσσᾶν
1908 2623 1937 2658 Ρ

264 2689 332 2714 om.
358 2679 476 2724 spatio
500 2690 618 2715 uacuo
642 2682 732 2714 3—4
749 2679 817 2715 litt
842 2679 966 2715 relicto
983 2677 1012 2713 F
1038 2688 1203 2713 essamon
1228 2677 1299 2712 Lat
1322 2677 1500 2724 Γέρασαν
1524 2677 1605 2712 bell.
1632 2677 1709 2712 Iud.
1798 2673 1842 2716 οὗ
1867 2690 1936 2716 om.

265 2734 293 2768 P
388 2738 432 2773 οὑ
457 2733 504 2773 τὰ
529 2747 597 2772 om.
615 2736 645 2771 F
739 2739 897 2774 πλεῖστα
922 2736 950 2771 P
1051 2737 1090 2770 18
1117 2737 1248 2782 τρισὶν]
1274 2736 1336 2770 καὶ
1360 2735 1459 2780 τρισὶ
1483 2733 1703 2768 FLAMVW
1807 2731 1938 2784 ἀμαχὶ]

266 2786 406 2838 ἀμαχεῖ
421 2788 457 2833 (α
475 2794 606 2838 suppl,
631 2794 702 2830 εῐί.
721 2803 792 2828 ras.
811 2794 857 2836 A)
882 2792 955 2828 AM
979 2791 1080 2839 μάχη
1096 2791 1292 2827 FLA¹VW
1315 2790 1516 2837 puqnando
1534 2790 1621 2834 Lan
1648 2789 1693 2825 cf.
1713 2790 1794 2827 bell.
1814 2792 1891 2831 Iud.

265 2846 407 2895 λαβὼν]
432 2859 501 2885 om.
526 2849 554 2884 P
580 2851 715 2886 inuasit
739 2850 810 2885 Lat
952 2853 990 2885 19
1016 2846 1229 2890 Γαύλαναν]
1255 2850 1399 2895 γαυλαν
1424 2847 1450 2881 Ρ
1476 2844 1643 2893 γαύλανα
1669 2847 1742 2882 ΑΜ
1767 2847 1935 2895 γαυλανὰ

265 2904 312 2939 W
336 2906 485 2950 {saulam
510 2906 579 2942 Lat
695 2909 736 2941 20
762 2906 979 2954 λεγομένην]
1005 2905 1211 2953 γενομένην
1235 2904 1262 2939 P
1355 2906 1393 2939 21
1422 2901 1597 2950 γάμαλαν
1622 2903 1649 2939 Ρ
1751 2906 1937 2953 δημητρίω

266 2959 388 2998 πολλὰ
416 2966 459 2997 tr.
486 2962 517 2997 V
