2107 3377
138 295 215 337 331

138 567 220 608 332

139 908 220 950 333

139 1244 220 1285 334

139 1583 221 1624 335

251 177 333 216 392
727 177 888 222 ANTIQ.
912 176 1012 213 IUD.
1036 177 1105 214 XV
1127 179 1307 214 331—335
1330 180 1388 221 (lx.
1405 180 1436 222 6)

364 294 402 334 6.
442 289 650 334 Κατιδιδν
689 289 737 332 δὲ
774 291 848 332 καὶ
887 289 1002 346 πρὸς
1037 292 1093 347 τῇ
1130 290 1332 348 θαλάττῃ
1361 295 1523 346 χωρίον
1553 291 1915 350 ἐπιτηδειότατον

251 359 470 409 δέξασθαι
501 358 647 410 πόλιν,
687 356 710 400 ὃ
742 357 887 400 πάλαι
916 357 1176 412 Στράτωνος
1207 357 1402 402 ἐκαλεῖτο
1434 358 1621 416 πύργος,
1656 363 1710 418 τῇ
1739 378 1788 405 τε
1817 362 1916 406 δια-

248 429 397 484 γραφῇ
435 427 788 482 μεγαλοπρεπῶς
827 423 1095 480 ἐπεβάλλετο
1126 428 1197 470 καὶ
1228 435 1324 477 τοῖς
1355 426 1702 484 οἰκοδομήμασιν
1731 425 1917 482 ἀνιστὰς

251 493 432 538 ἅπασαν
463 490 512 537 οὗ
543 496 796 551 παρέργως,
837 488 936 534 ἀλλ’
973 491 1017 535 ἐκ
1047 494 1199 552 λευκῆς
1230 498 1418 549 πέτρας,
1457 497 1531 538 καὶ
1563 495 1814 551 διακοσμῶν
1841 500 1916 542 καὶ

249 563 496 618 βασιλείοις
525 559 922 611 πολυτελεστάτοις
952 562 1025 604 καὶ
1052 561 1247 612 διαίταις
1276 563 1541 615 πολιτικαῖς,
1571 563 1620 606 τὸ
1644 563 1691 606 δὲ
1710 567 1918 620 μέγιστον

250 632 323 673 καὶ
348 631 561 686 πλείστην
584 628 791 685 ἐργασίαν
813 627 1055 683 παρασχόν,
1088 625 1287 686 ἀκλύστῳ
1310 631 1464 685 λιμένι,
1494 633 1687 687 μέγεθος
1706 632 1786 686 μὲν
1805 632 1918 676 κατὰ

250 697 327 741 τὸν
358 699 573 752 Πειραιᾶ,
612 695 869 752 καταγωγὰς
900 691 940 738 δ’
977 696 1100 740 ἔνδον
1131 697 1271 751 ἔχοντι
1302 700 1375 741 καὶ
1413 699 1642 754 δευτέρους
1681 697 1918 757 ὑφόρμους,

249 768 304 823 τῇ
335 765 382 808 δὲ
414 764 597 822 δομήσει
627 765 938 819 περίβλεπτον,
971 758 1042 808 ότι
1071 762 1175 822 μηδ’
1207 764 1252 808 ἐκ
1280 769 1357 809 τοῦ
1387 766 1529 809 τόπου
1559 765 1638 825 τὴν
1668 765 1919 825 ἐπιτηδειό-

250 850 359 890 τητα
389 835 466 891 τῆς
495 833 814 889 μεγαλουργίας
845 829 968 885 εἶχεν,
1010 827 1108 874 ἄλλ’
1143 831 1425 884 ἐπεισάκτοις
1454 835 1526 877 καὶ
1557 835 1749 885 πολλαῖς
1779 834 1920 886 ἐξετε-

252 901 420 959 λειώθη
453 910 551 951 ταῖς
583 899 819 950 δαπάναις.
865 909 1006 944 κεῖται
1035 901 1114 955 μὲν
1134 900 1215 956 γὰρ
1249 898 1426 958 ἡπόλις
1458 901 1502 944 ἐν
1523 904 1576 959 τῇ
1601 907 1786 960 Φοινίκῃ
1807 902 1919 946 κατὰ

250 969 326 1013 τὸν
361 968 424 1020 εἰς
453 969 690 1025 Αἴγυπτον
729 968 996 1023 παράπλουν
1029 964 1215 1025 Ἰόππης
1252 968 1414 1022 μεταξὺ
1453 971 1527 1013 καὶ
1554 970 1747 1025 Δώρων,
1787 971 1920 1014 πολι-

251 1037 418 1092 σμάτια
446 1032 572 1080 ταῦτ’
599 1035 718 1079 ἐστὶν
739 1035 942 1090 παράλια
973 1035 1171 1091 δύσορμα
1195 1035 1269 1080 διὰ
1290 1035 1370 1087 τὰς
1394 1036 1504 1079 κατὰ
1526 1038 1630 1092 λίβα
1649 1038 1918 1093 προσβολάς,

252 1107 298 1148 αἳ
330 1101 399 1148 ἆεὶ
429 1103 508 1155 τὰς
540 1103 584 1147 ἐκ
614 1105 692 1147 τοῦ
721 1103 887 1146 πόντου
918 1106 1054 1153 θῖνας
1085 1102 1159 1146 ἐπὶ
1190 1102 1268 1161 τὴν
1297 1099 1408 1160 ᾗόνα
1435 1104 1647 1159 σύρουσαι
1667 1104 1920 1162 καταγωγὴν

252 1168 300 1216 οὗ
334 1172 549 1224 διδόασιν,
583 1167 680 1213 ἀλλ’
708 1170 827 1214 ἔστιν
859 1166 1095 1226 ἀναγκαῖον
1127 1166 1422 1214 ἀποσαλεύειν
1451 1171 1507 1214 τὰ
1536 1171 1681 1214 πολλὰ
1712 1173 1814 1223 τοὺς
1844 1171 1922 1228 ἐμ-

251 1239 419 1296 πόρους
446 1235 520 1282 ἐπ)
548 1235 747 1295 ἀγκύρας.
793 1240 922 1281 τοῦτο
945 1237 994 1281 τὸ
1019 1237 1315 1282 δυσδιάθετον
1336 1241 1413 1294 τῆς
1433 1238 1580 1293 χώρας
1602 1239 1923 1295 διορθούμενος

250 1309 329 1350 καὶ-
354 1307 640 1363 περιγράψας
669 1306 745 1350 τὸν
776 1306 930 1349 κύκλον
960 1308 1038 1349 τοῦ
1060 1308 1234 1361 λιμένος
1266 1302 1339 1364 ἐφ’
1367 1301 1471 1349 ὅσον
1493 1297 1544 1364 ἦν
1566 1304 1778 1363 αὔταρκες
1807 1307 1923 1364 πρὸς

249 1377 302 1431 τῇ
330 1377 473 1431 χέρσῳ
503 1374 712 1430 μεγάλοις
737 1374 913 1425 στόλοις
935 1373 1224 1430 ἐνορμεῖσθαι
1247 1375 1406 1424 λίθους
1426 1371 1748 1431 ὗπερμεγέθεις
1768 1378 1924 1420 καθίει

252 1442 315 1493 εἷς
344 1441 392 1485 τὸ
415 1442 562 1497 βάθος
593 1442 656 1493 εἷς
681 1438 861 1498 ὀργυιὰς
883 1442 1036 1485 εἴκοσι.
1077 1441 1348 1499 πεντήκοντα
1370 1442 1523 1485 ποδῶν
1546 1433 1655 1498 ἦσαν
1677 1443 1720 1487 οἱ
1739 1445 1923 1496 πλείους

250 1509 300 1553 τὸ
333 1512 469 1568 μῆκος
498 1512 571 1554 καὶ
593 1510 764 1561 πλάτος
789 1505 864 1553 οὐκ
886 1509 1068 1553 ἔλαττον
1090 1509 1322 1562 δεκαοκτώ,
1352 1510 1498 1565 βάθος
1520 1511 1566 1554 δὲ
1589 1508 1737 1564 ἐννέα,’
1755 1511 1924 1555 τούτων

253 1578 300 1621 δὲ
323 1579 366 1622 οἱ
385 1579 466 1633 μὲν
485 1578 660 1633 μείζους
686 1579 727 1622 οἱ
750 1578 797 1621 δὲ
819 1577 1039 1629 ἐλάττους.
1087 1575 1108 1635 ἡ
1134 1578 1181 1621 δὲ
1203 1577 1436 1634 ἐνδόμησις
1466 1577 1572 1622 ὅσον
1595 1569 1644 1637 ἦν
1665 1581 1693 1633 †
1715 1578 1922 1635 ἐβάλλετο

366 1738 387 1781 ξ
413 1739 477 1772 331
503 1755 549 1767 =
574 1737 654 1771 bell.
679 1736 757 1771 lud.
783 1736 799 1770 I
822 1738 900 1771 408.

366 1871 732 1906 PFLAMVWELat

369 1932 385 1964 1
411 1930 503 1964 *καὶ
527 1928 643 1963 om.v
723 1925 897 1974 θαλάσση
923 1928 956 1962 Ε
1038 1931 1057 1963 3
1082 1924 1293 1975 ἐπεβάλετο
1312 1927 1427 1963 VWE
1508 1932 1529 1963 4
1553 1931 1681 1965 πᾶσαν
1697 1928 1730 1963 Ε
1810 1922 1923 1965 *ἀλλ’

251 1983 306 2027 ἐκ]
332 1980 426 2022 ιῖλλὰ
453 1985 481 2019 Ρ
507 1980 601 2021 ἀλλὰ
627 1983 670 2020 ἐκ
695 1984 742 2018 Ψ
827 1981 1073 2028 *διακόσμων
1097 1982 1267 2029 (κόσμων
1283 1984 1306 2019 i.
1325 1995 1395 2020 ras.
1410 1984 1454 2027 V)
1478 1985 1650 2020 FLAMV
1730 1986 1794 2021 καὶ
1817 1988 1924 2032 βασι·

253 2042 381 2084 λείοις]
415 2042 629 2088 βασιλείοισ
654 2054 694 2077 τε
720 2040 939 2075 FLAMVW
971 2042 1185 2087 βασιλείοισ
1209 2041 1241 2076 Ε
1365 2044 1384 2076 6
1410 2039 1651 2088 *παρασχὼν
1673 2040 1834 2076 PFL²W

252 2097 409 2144 *λημὲνι
434 2097 479 2132 P¹
573 2101 590 2131 ἰ’
617 2099 821 2143 *πείρεαια
846 2097 874 2131 Ρ
899 2098 1066 2142 πειραία.
1093 2111 1128 2133 αι
1156 2107 1199 2132 ex
1224 2110 1242 2134 ε
1266 2107 1358 2133 corr.
1384 2097 1414 2132 F
1508 2099 1545 2135 δὲ
1569 2098 1603 2133 Ε
1687 2098 1867 2144 δευτέρασ
1890 2097 1924 2133 Ε

367 2156 386 2189 8
412 2155 601 2200 *δωμήσει
627 2155 674 2187 A’
706 2158 742 2189 et
772 2164 815 2188 ex
846 2164 936 2189 corr.
964 2153 991 2187 P
1118 2154 1359 2201 περιβλέπτω
1392 2155 1425 2189 Ε
1545 2155 1635 2202 μηδὲ
1658 2154 1740 2190 WE
1855 2156 1926 2191 τοῦ

253 2221 320 2246 om.
346 2210 379 2245 E
497 2214 516 2246 9
541 2209 790 2247 *ἐπισάκτοισ
818 2211 880 2246 PV
994 2209 1221 2257 *ἐτελειώθη
1246 2211 1274 2245 Ρ
1303 2210 1554 2254 ἐξετελειῶθει
1581 2211 1627 2244 W
1744 2214 1779 2245 11
1809 2207 1926 2257 ἰόπησ

253 2266 318 2301 FE
435 2269 594 2311 *δωριῦν
619 2267 682 2302 FV
809 2271 847 2303 12
879 2270 998 2304 ταῦτα
1025 2267 1057 2302 Ε
1178 2266 1291 2309 ἐστὶν]
1324 2266 1402 2304 ἐστι
1427 2270 1490 2304 καὶ
1514 2268 1547 2302 Ε
1666 2269 1703 2301 13
1737 2262 1823 2304 *ἀεὶ
1853 2277 1924 2303 om.

253 2323 473 2358 FLAMVW
557 2321 742 2367 *πόντου]
768 2327 926 2361 nomm·
950 2324 977 2358 Ρ
1059 2320 1168 2370 ἠϊόνα
1193 2323 1446 2360 FLAMVWE
1531 2328 1571 2359 14
1597 2319 1653 2366 οὗ]
1680 2319 1724 2361 οὖ
1738 2324 1926 2370 μειλίχιον

253 2379 510 2415 FLAMVWE
603 2378 799 2417 *διδόασιν
822 2391 866 2416 ex
890 2382 1054 2417 δι’δουσιν
1078 2391 1170 2416 corr.
1191 2380 1220 2415 P
1318 2385 1356 2416 15
1381 2377 1565 2427 ἀγκύραισ
1590 2380 1752 2415 PFLVE
1843 2382 1925 2417 δυσ·

254 2434 442 2473 ὁυάθετον
465 2437 493 2471 Ρ
519 2436 704 2475 δύσθετον
728 2438 983 2473 FLAMVWE
1078 2441 1118 2473 16
1143 2440 1234 2473 *καὶ
1259 2435 1511 2484 περιγράψας]
1544 2437 1733 2484 descripsit
1757 2436 1829 2472 Lat
1859 2438 1924 2473 καὶ

255 2493 488 2541 περιέγραψε
513 2494 567 2529 ed.
593 2505 647 2539 pr.
743 2493 850 2538 *τὸνΙ
877 2492 944 2541 τὴν
970 2495 1015 2529 W
1101 2490 1196 2539 *ἐφ’
1223 2488 1330 2536 ὅσον]
1357 2489 1506 2530 ὁπόσον
1529 2493 1652 2528 AMW
1749 2496 1787 2528 17
1813 2487 1924 2530 *στύ-

256 2552 339 2586 λοισ
363 2551 403 2585 Μ
495 2552 628 2594 λίθους
652 2572 691 2576 -—
723 2554 762 2587 18
787 2549 920 2593 εἴκοσι]
946 2551 1086 2598 lapides
1109 2551 1271 2595 inqentes
1295 2551 1331 2584 in
1356 2551 1469 2586 ultum
1494 2550 1588 2585 ulnis
1610 2550 1743 2596 uiqinti
1764 2549 1924 2595 quinque

255 2607 440 2652 deponens
472 2607 543 2642 Lat
655 2609 795 2650 καθίει]
830 2608 979 2644 Hudson
1011 2610 1148 2644 καθεὶσ
1173 2608 1199 2642 Ρ
1231 2609 1380 2644 καθιεὶσ
1405 2606 1659 2641 FLAMVWE
1778 2607 1816 2641 13
1841 2604 1923 2648 *εἰς

256 2667 352 2703 (ante
379 2662 438 2707 τὸ)
469 2675 536 2700 om.
563 2664 782 2700 FLAMVW
897 2666 989 2708 *εἰς]
1022 2660 1088 2701 ἐπ’
1114 2665 1206 2700 coni.
1232 2674 1275 2699 ex
1299 2664 1380 2699 bell.
1406 2663 1483 2698 Iud.
1509 2665 1529 2705 ξ
1554 2665 1613 2696 411
1732 2657 1923 2709 *ὀργυίασ

257 2719 362 2755 LAM
455 2719 719 2767 *πεντήκοντα
745 2731 814 2756 om.
840 2721 870 2755 F
956 2721 1022 2758 *οἳ
1047 2723 1203 2758 πλείοισ
1231 2718 1264 2757 ν’
1290 2723 1420 2757 ποδῶν
1443 2713 1538 2765 ἦσαν
1561 2724 1605 2753 tr.
1624 2718 1655 2753 V
1742 2722 1780 2753 19
1805 2715 1923 2756 *πλά-

257 2790 350 2813 τοι·σ
373 2777 517 2812 L¹A¹W
603 2774 816 2814 *ἐλάττουσ
842 2777 869 2812 F
872 2777 937 2812 LV
1029 2775 1265 2821 *δεκαοκτώΙ
1291 2780 1497 2814 δεκαιοκτω
1521 2775 1549 2810 Ρ
1575 2771 1834 2812 ὀκτωκαίδεκα
1859 2774 1889 2810 F
1892 2774 1922 2810 1,

258 2836 291 2879 ιῆ
317 2834 422 2869 AMV
447 2835 534 2871 δέκα
560 2834 641 2869 ben.
667 2834 743 2870 lud.
861 2833 1042 2881 *βάθουσ
1066 2834 1112 2869 w
1235 2834 1273 2871 δὲ
1298 2844 1365 2870 om.
1393 2833 1424 2867 E
1539 2835 1581 2866 20
1606 2831 1687 2872 *affl
1720 2827 1754 2867 ὁ·
1780 2830 1822 2873 F.
1852 2841 1921 2867 om·

257 2889 446 2924 LAMVW
576 2888 637 2936 ‘1‘st
671 2890 706 2927 οἱ
731 2890 761 2925 F
889 2888 1094 2937 ε’νδιόμησισ
1120 2891 1169 2924 A¹
1202 2893 1238 2925 et
1269 2900 1313 2925 ex
1345 2900 1437 2925 corr.
1464 2889 1491 2923 P
1620 2882 1714 2924 ὅσον
1738 2882 1794 2934 ἦν]
1828 2881 1922 2935 ὅσην

259 2946 512 2982 FLAMVWE
598 2945 851 2995 *ἐι-«ἐβάλλετο
872 2947 933 2982 FL
957 2944 1160 2994 ἐνεβάλετο
1179 2946 1283 2982 AMV
1305 2943 1488 2992 ἐνβάλετο
1509 2945 1570 2988 W,
1595 2945 1639 2980 cs.
1660 2945 1739 2981 ben.
1758 2944 1835 2980 Iud.
1854 2947 1920 2980 412
