2107 3377
270 181 352 219 222
705 180 865 226 ANTIQ.
889 180 985 216 IUD.
1011 180 1100 216 XIII
1124 183 1302 217 380—385
1327 184 1410 226 (xlv.
1425 187 1453 214 2.
1467 184 1499 226 3)

266 311 399 350 μενος
426 293 509 352 γὰρ
542 293 586 338 ἐν
618 289 813 350 ἀπόπτω
843 292 954 348 μετὰ
983 296 1072 337 τιῦν
1101 295 1388 338 παλλακίδων
1418 290 1758 352 ἀνασταυρῶσαι
1787 311 1929 352 προσ-

268 363 419 415 έταξεν
442 358 583 406 αὐτῶν
601 359 661 412 ὥς
677 357 973 414 ὀκτακοσίους,
991 378 1094 412 τους
1110 362 1157 406 δὲ
1178 363 1346 414 παῖδας
1367 359 1511 407 αὐτῶν
1530 365 1604 407 καὶ
1625 362 1706 414 τὰς
1724 373 1931 420 γυναῖκας

154 434 232 476 381
267 431 333 475 έτι
374 430 545 484 ζώντων
584 429 709 486 παρὰ
746 428 828 480 τὰς
866 428 1041 473 ἐκείνων
1082 426 1213 485 ὄψεις
1253 427 1559 489 ἀπέσφαττεν,
1598 428 1712 487 ὑπὲρ
1749 432 1828 487 μὲν
1868 434 1931 475 ὠν

264 496 445 559 ἠδίκητο
477 495 761 554 ἀμυνόμενος,
798 494 943 549 άλλως
974 497 1021 540 δὲ
1050 495 1164 554 ὑπὲρ
1196 495 1440 555 α’νθρωπον
1469 498 1630 556 ταύτην
1662 498 1930 556 εἰσπραττό-

265 584 396 623 μενος
425 567 502 626 τὴν
535 567 670 623 δίκην,
703 564 742 608 εἰ
772 566 846 608 καὶ
877 563 932 608 τὰ
962 561 1217 620 μάλιστα,(
1201 562 1313 622 όπερ
1343 564 1394 624 ἠν
1417 566 1544 620 εἰκός,
1577 566 1927 625 εταλαιπωρήθη
1957 575 1978 608 5

263 645 360 685 τοῖς
397 634 512 691 πρὸς
551 629 709 684 αὐτοὺς
739 634 956 688 πολέμοις
984 635 1057 677 καὶ
1089 633 1152 684 εἷς
1180 649 1423 688 τουσχατον
1452 630 1527 693 ἧκε
1557 634 1757 678 κινδύνου
1787 637 1931 692 ψυχῆς

263 720 313 746 τε
348 705 453 758 πέρι
491 703 565 744 καὶ
601 702 854 756 βασιλείας,
896 697 972 745 οὐκ
1009 697 1288 758 ἀρκουμένων
1327 698 1626 758 ἀγωνίζεσθαι
1662 701 1774 745 κατὰ
1812 704 1932 760 σφᾶς

153 769 234 811 382
266 766 444 823 αυτούς,
488 765 600 812 ἀλλὰ
638 770 713 812 καὶ
753 767 1029 827 ἀλλοφύλους
1069 769 1325 826 ἐπαγόντων
1363 772 1435 813 καὶ
1480 769 1529 814 τὸ
1576 771 1829 814 τελευταῖον
1868 769 1932 820 εἷς

261 841 392 882 τοῦτο
423 834 610 896 ἀνάγκης
641 834 905 894 ἀγαγόντων,
938 833 1052 881 ὥστε
1081 836 1132 896 ἢν
1161 841 1492 895 κατεστρέψατο
1521 840 1600 895 γῆν
1631 837 1676 882 ἐν
1708 842 1746 880 Γ
1744 837 1932 881 αλααδί-

261 906 353 949 τιδι
382 907 457 949 καὶ
484 906 750 961 Μωαβίτιδι
779 907 852 948 καὶ
882 904 938 948 τὰ
967 909 1109 961 χωρία
1137 908 1225 948 τῶν
1255 901 1455 962 Ἀράβων
1485 909 1548 962 τῷ
1575 907 1755 961 βασιλεῖ
1782 923 1932 961 παρα-
1961 913 1999 947 10

263 974 440 1026 δοῦναι,
489 969 614 1025 ὅπως
655 967 707 1016 ἀν
745 973 803 1031 μὴ
853 973 1089 1032 ξυνάρηται
1129 978 1261 1031 σφίσι
1299 973 1376 1017 τὸν
1414 972 1512 1016 κατ’
1546 970 1681 1017 αὐτοῦ
1719 974 1930 1028 πόλεμον,

152 1042 232 1084 383
265 1039 379 1085 ἄλλα
409 1058 458 1085 τε
487 1045 623 1098 μυρία
654 1040 697 1092 ἒς
726 1036 853 1096 ῧβριν
885 1036 1021 1084 αὐτοῦ
1050 1042 1123 1084 καὶ
1146 1040 1358 1097 ἐπήρειαν
1379 1041 1657 1096 πραξάντων.
1710 1037 1810 1084 ἀλλ’
1837 1031 1930 1099 [οὖν

263 1106 355 1167 οὐκ]
387 1109 652 1168 ἐπιτηδείως
684 1109 804 1152 δοκεῖ
831 1110 971 1150 ταῦτα
1003 1108 1184 1162 δρᾶσαι,
1225 1103 1340 1151 ὥστε
1379 1107 1452 1152 διὰ
1488 1107 1567 1164 τὴν
1596 1111 1674 1165 τῆς
1703 1104 1931 1165 ὠμότητος

261 1176 512 1234 ὑπερβολὴν
543 1176 852 1256 επικληθῆναι
881 1171 1014 1218 αυτὸν
1043 1172 1132 1218 ὑπὸ
1165 1177 1252 1218 τῶν
1277 1171 1502 1219 Ἰουδαίων
1527 1176 1765 1233 Θρακίδαν.
1811 1176 1854 1220 οἱ
1885 1171 1926 1219 δ’

263 1242 611 1289 ἀντιστασιῶται
643 1241 777 1287 αὐτοῦ
806 1243 855 1287 τὸ
889 1244 1068 1300 πλῆθος
1098 1239 1222 1294 όντες
1244 1245 1346 1299 περὶ
1377 1239 1724 1299 ὀκτακισχιλίους
1745 1243 1932 1302 φεύγου-
1962 1250 1998 1284 15

263 1330 333 1358 σιν
355 1312 516 1384 νυκτὸς
545 1314 618 1356 καὶ
649 1308 759 1368 παρ)
787 1310 836 1355 ὃν
869 1311 938 1369 έζη
973 1311 1130 1366 χρόνον
1161 1306 1450 1368 Ἀλέξανδρος
1488 1310 1600 1370 ἠσαν
1631 1328 1676 1355 εν
1705 1329 1757 1370 τῃ
1799 1314 1930 1370 φυγῇ.

260 1385 334 1426 καὶ
355 1377 493 1432 οὗτος
530 1381 610 1435 μὲν
650 1379 986 1437 ἀπηλλαγιιένος
1023 1396 1100 1435 της
1139 1378 1184 1422 ἐκ
1221 1379 1389 1422 τούτων
1419 1381 1610 1436 ταραχῆς
1639 1379 1752 1434 μετὰ
1781 1379 1931 1438 πάσης

262 1450 310 1494 τὸ
345 1448 559 1493 λοιπὸνν
535 1444 721 1506 ηρειιίας
752 1447 1048 1503 εβασίλευσεν.

149 1519 230 1560 384
375 1522 413 1562 3.
444 1517 700 1575 Δημήτριος
722 1511 764 1558 δ>
793 1515 837 1559 ἐκ
857 1518 934 1574 τῆς
950 1511 1165 1566 Ἰουδαίας
1188 1510 1403 1558 ἀπελθών
1425 1514 1488 1566 εἰς
1509 1517 1700 1571 Βέροιαν
1721 1512 1930 1570 ἐπολιόρ-

259 1602 325 1629 κει
354 1585 432 1628 τὸν
464 1581 658 1642 ἀδελφὸν
690 1579 827 1627 αὐτοῦ
861 1584 1096 1627 Φίλιππον
1135 1579 1275 1626 ὄντων
1308 1578 1427 1640 αὐτῷ
1457 1582 1601 1636 πεζῶν
1630 1583 1710 1638 μὲν
1745 1586 1928 1640 μυρίων,
1958 1591 1998 1624 20

255 1655 411 1708 χιλίων
443 1653 490 1696 δὲ
522 1653 714 1696 ἱππέων.
773 1651 981 1707 Στράτιον
1013 1647 1054 1693 δ’
1082 1648 1104 1694 ὁ
1136 1653 1215 1709 τῆς
1244 1655 1434 1706 Βεροίας
1463 1651 1674 1707 τύραννος
1708 1651 1928 1706 Φιλίππῳ

261 1724 499 1777 συμμαχῶν
521 1720 653 1773 Ζίζον
682 1719 760 1763 τὸν
782 1716 980 1775 Ἀράβων
1011 1719 1234 1776 φύλαρχον
1256 1719 1512 1762 ἐπεκαλεῖτο
1539 1720 1613 1762 καὶ
1638 1717 1928 1775 Μιθριδάτην

147 1790 228 1831 385
259 1789 336 1833 τὸν
357 1788 546 1847 Σινάκην
575 1788 653 1832 τὸν
674 1791 953 1843 Παρθυαίων
974 1786 1186 1842 ὕπαρχον.
1238 1782 1299 1829 (ὗν
1321 1783 1600 1844 ἀφικομένων
1626 1784 1738 1841 μετὰ
1760 1786 1928 1843 πολλῆς

260 1857 486 1912 δυνάμεως
524 1858 596 1900 καὶ
634 1855 990 1909 πολιορκούντων
1024 1854 1281 1912 Δημήτριον
1320 1854 1442 1905 ἐντὸς
1480 1857 1559 1897 τοῦ
1593 1853 1925 1910 χαρακώματος,

259 1925 367 1968 εἴσω
406 1934 501 1974 τοῖς
539 1941 587 1967 τε
624 1923 862 1978 τοξεύμασι
901 1924 972 1966 καὶ
1004 1925 1057 1979 τῇ
1089 1923 1200 1979 δίψῃ
1235 1926 1483 1975 συνέχοντες
1515 1917 1648 1966 αὐτὸν
1678 1917 1927 1979 ἠνάγκασαν
1957 1929 1995 1963 25

373 2028 394 2071 §
419 2029 485 2061 380
512 2045 552 2056 Ζ
578 2026 659 2061 beu.
684 2025 761 2060 lud.
788 2024 805 2058 1
830 2028 884 2060 97.

373 2116 658 2152 PFLAMVWE
668 2117 740 2151 Lat
751 2115 914 2151 zonaras
939 2115 955 2149 1
979 2126 1015 2159 p.
1034 2117 1112 2149 394.
1127 2090 1156 2092 Ρ

374 2176 393 2208 2
419 2170 471 2216 ὡς
495 2184 565 2209 om.
590 2173 622 2207 E
726 2175 745 2207 3
773 2170 886 2219 ὄψεισ
910 2171 1068 2209 ἐκείνων
1090 2175 1137 2206 tr.
1162 2170 1350 2206 LAMWE
1454 2171 1720 2216 *ἐπέσφαττεν
1744 2170 1799 2206 ed.
1823 2180 1879 2215 pr.

258 2257 279 2288 4
303 2222 494 2299 *ἦδικέίτο
512 2252 542 2287 F
614 2257 633 2287 5
651 2252 686 2289 εἰ
700 2254 764 2289 καὶ
781 2249 828 2289 τὰ
846 2262 913 2287 om.
931 2251 960 2286 P
1033 2245 1142 2296 ὅπερ]
1165 2250 1234 2296 μὲν
1251 2250 1290 2293 Ρ,
1315 2261 1380 2286 nec
1399 2251 1502 2285 nimis
1518 2249 1663 2295 placent
1679 2260 1771 2294 quae
1786 2249 1880 2285 edidi

259 2304 356 2356 ὅπερ
379 2303 424 2356 ἦν
442 2307 544 2352 εἰκός
560 2319 629 2344 om.
647 2308 718 2343 Lat
786 2305 1072 2355 ἐταλαιπορήθη
1089 2308 1135 2342 W
1207 2311 1226 2342 ὅ
1251 2304 1350 2355 πρὸς
1368 2303 1515 2349 αι’-τοὺς]
1541 2303 1638 2353 παρ’
1657 2302 1774 2343 αὐτοῦ
1791 2305 1821 2340 F
1846 2302 1924 2354 πρὸ

258 2363 374 2404 αὐτοῦ
390 2366 579 2401 LAMVW
649 2359 739 2411 ἧκεν
754 2365 852 2399 A¹W
870 2362 949 2412 ήκει
967 2365 994 2399 Ρ
1012 2358 1103 2411 ἦλθε
1118 2363 1152 2398 V
1232 2361 1412 2400 κινδύνων
1429 2363 1502 2397 AM
1517 2365 1692 2399 κίνδυνον
1708 2362 1756 2398 W
1826 2364 1927 2409 ψυχῆ

257 2424 285 2458 Ρ
355 2428 373 2458 ῖ
401 2423 486 2470 πέρι
509 2425 585 2465 καὶ]
610 2419 685 2470 γὰρ
710 2421 842 2470 περὶ-Ρ
913 2425 933 2456 9
959 2417 1135 2468 ἀγόντων
1151 2420 1369 2456 FLAMVW
1445 2423 1482 2454 10
1507 2421 1706 2467 Ιιιωιιβίτιὸι
1730 2421 1794 2456 καὶ
1810 2422 1924 2466 γαλα-

258 2482 386 2517 adluat
404 2479 630 2526 (θαίαιίίϊίίῖῖε
653 2479 736 2519 Lat)
761 2482 805 2514 tr.
831 2478 1127 2514 FLAMVWLat
1211 2474 1269 2519 τὰ]
1296 2473 1341 2513 τὰ
1366 2475 1408 2513 ἐν
1433 2471 1526 2522 αι’-τῇ
1550 2475 1771 2511 FLAMVW
1855 2478 1923 2524 τῷ]

257 2540 353 2574 τῶτε
372 2537 399 2572 Ρ
474 2540 510 2572 11
540 2537 657 2582 σφίσι]
684 2537 811 2582 σφίσιν
828 2535 885 2572 εἰσ
902 2535 933 2569 V
1008 2537 1047 2570 12
1073 2533 1122 2577 ἐς]
1141 2533 1197 2570 εἰσ
1214 2533 1401 2568 LAMVW
1419 2535 1482 2569 καὶ
1499 2533 1555 2569 εἰσ
1572 2532 1601 2566 F
1671 2530 1833 2579 ἐπηρίαν
1848 2531 1877 2566 Ρ

258 2589 326 2630 α’λλ
337 2590 345 2603 ’
356 2613 398 2618 —-
415 2596 454 2628 13
468 2595 616 2641 δρᾶσαι]
634 2597 860 2638 quapropter
876 2591 1019 2627 uidetur
1036 2590 1125 2627 haec
1141 2591 1233 2626 iuste
1247 2590 1380 2635 fecisse
1396 2590 1466 2624 Lat
1528 2583 1595 2626 οὖν
1609 2583 1678 2625 οὐκ
1695 2599 1762 2624 om.
1779 2587 1880 2622 PLat

261 2654 299 2685 13
325 2649 527 2697 ἐπιτηδίωσ
551 2649 578 2684 P
651 2652 776 2685 δοκεῖν
800 2648 1022 2683 FLAMVW
1126 2651 1166 2683 14
1191 2643 1307 2689 *ἰή-τὸ]
1333 2643 1435 2694 παρὰ
1463 2646 1525 2681 FV
1595 2646 1634 2683 δὲ
1659 2643 1878 2679 FLAMWE

261 2710 300 2742 16
317 2708 335 2728 *
347 2704 419 2753 ἔζη,
437 2709 456 2751 ζ
473 2707 496 2741 i.
514 2716 585 2742 ras.
598 2706 632 2740 A
698 2709 736 2741 18
753 2704 950 2753 ἐβασίλευε
967 2707 1035 2746 (-εν
1047 2705 1109 2748 A¹)
1125 2704 1264 2739 LAME
1331 2706 1369 2738 19
1394 2703 1432 2739 δὲ
1449 2702 1481 2737 Ε
1543 2702 1726 2749 βέρροιιιν
1739 2700 1878 2735 FMVE

258 2789 293 2820 21
325 2782 361 2821 δ’
382 2784 415 2827 ὁ]
434 2786 473 2823 δὲ
489 2785 740 2820 PFLAMWE
808 2785 999 2833 βερροίασ
1015 2783 1154 2819 FMVE
1225 2786 1267 2818 22
1286 2783 1440 2826 *Ζίζοι1
1459 2784 1582 2826 δεῖξον
1598 2780 1662 2815 P
1644 2761 1753 2825 μίζον
1767 2787 1809 2821 (s.
1824 2791 1870 2815 m.
1889 2782 1923 2823 2)

256 2842 285 2876 L
312 2843 429 2876 :izmn
447 2843 518 2877 Lat
587 2844 665 2878 τῶν
684 2841 763 2875 LW
858 2844 899 2876 23
928 2839 1106 2888 Σινάκηι]
1132 2852 1216 2876 σινιι
1242 2843 1278 2874 et
1302 2843 1391 2884 spat.
1411 2848 1565 2873 uacuum
1592 2838 1688 2873 circa
1713 2840 1731 2871 [ι
1756 2837 1822 2872 litt.
1842 2836 1921 2872 cod.

257 2898 364 2933 Busb.
393 2899 423 2932 E
494 2897 700 2944 παρθυὲων
723 2897 787 2932 LE
881 2895 1053 2945 ἔπαρχον
1077 2898 1109 2933 Ε
1203 2899 1245 2930 24
1271 2892 1589 2942 *χωριικιύματοσ
1615 2894 1653 2929 Μ
1724 2897 1765 2928 25
1791 2891 1922 2936 *εἶ’σω]

256 2955 312 2991 εἰσ
339 2950 360 2990 ὃ
385 2955 447 2990 PV
540 2968 580 2990 τε
605 2965 673 2990 om.
701 2954 733 2988 E
814 2957 877 2991 καὶ
902 2957 947 3001 τῇ
972 2956 1062 3000 δίψῃ
1087 2964 1154 2990 om.
1176 2953 1206 2987 Ε
1299 2954 1395 2998 δίψει
1423 2951 1452 2986 F
