2107 3377
156 300 237 341 196

160 569 239 610 197

161 907 240 948 198

163 1178 242 1218 199

162 1585 243 1626 200

163 1790 241 1831 201

267 180 348 219 276
714 177 876 222 ANTIQ.
901 177 998 213 mn.
1023 177 1110 213 XIV
1135 179 1311 213 196—201
1338 179 1383 220 (x.
1399 179 1499 219 3—5)

383 299 422 339 3.
454 297 495 336 Γ
494 295 592 336 α”ι’”ου
620 296 851 346 Καίσαρος
882 286 1203 345 αὐτοκράτορος
1232 288 1406 334 ὗπάτου
1438 289 1652 344 δεδομένα
1674 303 1941 346 συγκεχωρη-

266 365 378 417 μένα
408 363 757 416 προσκεκριμένα
788 358 909 403 ἐστὶν
940 357 1079 410 οὕτως
1111 358 1277 413 ἔχοντα.
1324 353 1451 408 ὅπως
1471 356 1526 399 τὰ
1547 359 1676 399 τέκνα
1698 352 1832 400 αὐτοῦ
1861 358 1941 399 τοῦ

259 425 486 473 Ἰουδαίων
517 427 678 479 ἔθνους
709 425 838 485 ἄρχῃ,
877 428 951 471 καὶ
988 426 1092 478 τοὺς
1131 427 1391 480 δεδομένους
1427 424 1594 475 τόπους
1623 422 1938 478 καρπίζωνται,

267 498 340 540 καὶ
373 493 395 540 ὁ
429 492 655 551 ἀρχιερεὺς
686 491 819 546 αὐτὸς
847 496 922 537 καὶ
953 494 1171 553 ἐθνάρχης
1200 496 1287 537 τῶν
1304 489 1530 537 Ἰουδαίων
1560 492 1832 549 προϊστῆται
1851 492 1940 534 τῶν

273 560 580 619 ἀδικουμένων.
634 567 819 620 πέμψαι
841 562 887 605 δὲ
909 561 1024 618 πρὸς
1040 560 1245 618 Ὑρκανὸν
1265 561 1343 605 τὸν
1364 557 1654 615 Ἀλεξάνδρου
1676 558 1774 602 υἱὸν
1796 553 1943 614 ἀρχιε-

270 635 350 687 ρέα
379 634 467 674 τῶν
492 627 718 675 Ἰουδαίων
748 633 823 675 καὶ
854 630 1131 686 πρεσβευτὰς
1160 629 1263 680 τοὺς
1294 631 1397 684 περὶ
1421 629 1577 686 φιλίας
1596 629 1670 670 καὶ
1692 629 1942 681 συμμαχίας

271 699 628 754 διαλεξομένους·
661 696 938 757 ἀνατεθῆναι
968 698 1016 741 δὲ
1042 700 1115 742 καὶ
1133 699 1295 754 χαλκῆν
1317 698 1469 740 δέλτον
1489 697 1628 738 ταῦτα
1649 697 1942 750 περιέχουσαν

269 767 315 811 ἔν
345 785 393 811 τε
423 770 486 824 τῷ
523 769 804 824 Καπετωλίῳ
833 767 908 810 καὶ
943 766 1108 809 Σιδῶνι
1138 768 1213 810 καὶ
1253 762 1380 822 Τύρῳ
1409 766 1483 808 καὶ
1516 763 1560 806 ἓν
1594 758 1840 806 Ἀσκάλωνι
1867 763 1943 805 καὶ

271 835 315 878 ἓν
344 845 440 886 τοῖς
471 845 595 886 ναοῖς
626 835 992 892 ἐγκεχαραγμένην
1015 834 1270 890 γράμμασιν
1286 830 1541 887 Ῥωμαϊκοῖς
1576 832 1648 874 καὶ
1665 828 1942 887 Ἑλληνικοῖς.

272 898 398 954 ὅπως
436 920 484 946 τε
522 903 572 947 τὸ
615 904 758 961 δόγμα
795 904 926 947 τοῦτο
965 903 1081 944 πᾶσι
1112 910 1207 951 τοῖς
1240 900 1353 942 κατὰ
1383 899 1462 958 τὴν
1493 896 1626 942 πόλιν
1657 901 1841 953 ταμίαις
1869 898 1945 941 καὶ

270 981 364 1022 τοῖς
393 972 562 1015 τούτων
594 969 849 1030 ἡγουμένοις
872 987 893 1010 *
917 969 981 1019 εἲς
1011 985 1060 1011 τε
1090 967 1192 1019 τοὺς
1224 968 1382 1024 φίλους
1403 964 1691 1023 ἀνενέγκωσιν
1720 967 1793 1009 καὶ
1827 965 1946 1016 ξένια

271 1049 366 1090 τοῖς
404 1045 698 1095 πρεσβευταῖς
737 1046 983 1094 παρασχεῖν
1022 1038 1094 1079 καὶ
1135 1035 1191 1078 τὰ
1231 1035 1509 1092 διατάγματα
1540 1035 1801 1089 διαπέμψαι
1830 1050 1946 1076 παν-

272 1111 419 1162 ταχοῦ.

387 1181 427 1218 4.
459 1175 596 1226 Γάιος
625 1179 802 1229 Καῖσαρ
826 1168 1110 1227 αὐτοκράτωρ
1134 1170 1352 1226 δικτάτωρ
1383 1165 1554 1220 ὕπατος
1584 1171 1713 1226 τιμῆς
1747 1169 1821 1211 καὶ
1844 1163 1946 1222 ἀρε-

271 1246 349 1300 τῆς
378 1245 453 1287 καὶ
484 1244 838 1300 ([ιλανθρωπιάς
878 1240 1018 1284 ἕνεκεν
1050 1238 1348 1296 συνεχώρησεν
1379 1237 1456 1281 ἐπὶ
1489 1240 1761 1294 συμφέροντι
1789 1237 1861 1280 καὶ
1891 1238 1946 1293 τῇ

273 1310 496 1369 συγκλήτῳ
536 1312 607 1353 καὶ
640 1312 703 1366 τῷ
742 1309 866 1367 δήμῳ
904 1309 992 1350 τῶν
1018 1304 1243 1362 Ῥωμαίων
1277 1304 1481 1362 Ὑρκανὸν
1519 1301 1809 1361 Ἀλεξάνδρου
1847 1303 1945 1348 υἱὸν

271 1381 346 1422 καὶ
366 1382 496 1422 τέκνα
528 1375 663 1421 αὐτοῦ
695 1373 912 1432 ἀρχιερεῖς
942 1392 990 1419 τε
1011 1376 1083 1418 καὶ
1108 1376 1239 1430 ἱερεῖς
1257 1372 1570 1431 Ἱεροσολύμων
1589 1375 1664 1416 καὶ
1684 1375 1764 1416 τοῦ
1784 1371 1946 1423 ἔθνους

273 1445 389 1490 εἶναι
420 1445 495 1490 ἐπὶ
526 1455 621 1497 τοῖς
652 1446 863 1498 δικαίοις,
905 1444 971 1495 οἷς
1008 1445 1080 1486 καὶ
1122 1444 1164 1486 οἳ
1197 1443 1411 1499 πρόγονοι
1451 1438 1595 1486 αὐτῶν
1624 1440 1703 1499 τὴν
1735 1436 1945 1497 ἀρχιερω-

273 1515 404 1573 σύνην
436 1515 735 1568 διακατέσχον.

389 1589 427 1627 5.
460 1583 596 1633 Γάιος
626 1587 804 1636 Καῖσαρ
835 1576 1007 1631 ῧπατος
1036 1578 1086 1623 τὸ
1120 1582 1326 1634 πέμπτον
1349 1577 1514 1631 ἔκρινεν
1533 1577 1715 1628 τούτους
1742 1576 1854 1631 ἔχειν
1874 1577 1949 1620 καὶ

274 1655 466 1705 τειχίσαι
502 1651 581 1709 τὴν
615 1648 975 1708 Ἱεροσολυμιτῶν
1014 1646 1169 1700 πόλιν,
1214 1648 1287 1690 καὶ
1333 1649 1528 1700 κατέχειν
1574 1641 1710 1702 αὗτὴν
1740 1642 1946 1700 Ὑρκανὸν

275 1715 566 1773 Ἀλεξάνδρου
597 1715 802 1775 ἀρχιερέα
826 1715 1053 1762 Ἰουδαίων
1092 1717 1165 1759 καὶ
1198 1714 1417 1772 ἐθνάρχην
1449 1711 1506 1765 ὡς
1537 1707 1590 1756 ἂν
1621 1709 1754 1764 αὐτὸς
1783 1729 1948 1766 προαι-

278 1789 421 1845 ρῆται.
481 1783 608 1838 ὅπως
644 1804 693 1830 τε
726 1783 958 1835 Ἰουδαίοις
997 1783 1042 1826 ἐν
1079 1785 1144 1839 τῷ
1185 1783 1374 1838 δευτέρῳ
1413 1784 1492 1837 τῆς
1521 1781 1792 1836 μισθώσεως
1824 1778 1945 1837 [ἔτει]

274 1857 353 1913 τῆς
384 1855 610 1911 προσόδου
642 1855 772 1910 κόρον
802 1852 1105 1904 ὑπεξέλωνται
1134 1853 1207 1894 καὶ
1238 1850 1349 1907 μήτε
1385 1849 1660 1905 ἐργολαβῶσί
1688 1865 1804 1899 τινες
1839 1847 1948 1906 μήτε

277 1919 443 1981 φόρους
473 1923 577 1974 τοὺς
609 1919 767 1973 αὐτοῖς
796 1923 996 1965 τελῶσιν.

390 2047 591 2082 PFLAMV
602 2047 672 2081 Lat

392 2109 406 2139 1
434 2101 734 2151 αὐτοκράτορος]
760 2102 951 2137 dictatoris
974 2101 1043 2135 Lat
1135 2098 1329 2142 δεδομένα]
1356 2097 1455 2131 PLat
1480 2096 1684 2142 δεδογμένα
1710 2096 1739 2131 F
1742 2097 1882 2132 LAMV

277 2160 603 2207 συγκεχωρημένα]
629 2156 970 2207 συγκεχωρήκαμεν
994 2153 1017 2194 ιῖ
1042 2156 1072 2191 F
1167 2158 1185 2189 '2
1214 2149 1331 2196 ὅπως]
1359 2150 1480 2190 ὁσίωσ
1497 2154 1525 2188 Ρ
1602 2150 1647 2190 τὰ
1673 2153 1801 2196 τέκνα]
1821 2151 1951 2201 Ὑρκα-

278 2214 346 2260 νὸς
369 2213 608 2264 Ἀλεξάνδρου
632 2218 695 2252 καὶ
720 2212 766 2252 τὰ
792 2214 905 2251 τέκνα
923 2214 1037 2249 uoluit
1059 2212 1177 2247 dicere
1247 2214 1265 2243 3
1292 2209 1424 2257 α’ρχειν
1442 2211 1473 2245 V
1543 2211 1794 2255 καρπίζονται
1811 2211 1904 2246 PFL

278 2278 299 2310 4
315 2277 378 2310 καὶ
399 2270 418 2309 ὁ
437 2268 630 2319 ἕθνάρχησ
646 2273 674 2307 Ρ
738 2270 942 2318 προΐστητε
956 2270 984 2304 P
1055 2273 1073 2303 5
1093 2264 1361 2312 ιῖδικουμένων]
1380 2268 1558 2303 ἰονδαίων
1571 2267 1644 2301 ΑΜ
1706 2264 1776 2302 τὸν
1789 2277 1858 2302 om.
1872 2266 1906 2301 V

279 2335 299 2366 6
317 2333 381 2367 καὶ
395 2336 490 2371 (ante
507 2325 756 2376 πρεσβευτὰς]
774 2339 842 2363 om.
857 2325 1029 2361 FLAMV
1100 2329 1117 2359 7
1141 2328 1269 2366 ταῦτα]
1288 2319 1426 2370 ταύτην
1443 2324 1472 2358 L
1545 2326 1564 2358 S
1581 2326 1642 2359 καὶ
1656 2328 1739 2368 post
1751 2319 1951 2360 Ἀσκάλωνι

279 2388 373 2423 delet
390 2388 591 2423 Mommsen
684 2390 703 2421 9
728 2387 804 2427 καὶ]
831 2397 871 2420 τε
896 2385 958 2419 καὶ
978 2382 1006 2416 F
1009 2382 1150 2417 LAMV
1235 2385 1274 2416 10
1292 2379 1360 2427 τὴν
1378 2391 1445 2415 om.
1464 2379 1636 2414 FLAMV
1710 2382 1748 2415 12
1774 2386 1862 2417 ταῖσ
1878 2381 1906 2415 Ρ

279 2445 501 2489 διαπέμψαι]
519 2443 666 2488 πέμψαι
678 2442 710 2477 V
776 2443 817 2476 14·
831 2437 1018 2486 δικτάτωρ
1032 2449 1100 2474 om.
1115 2438 1185 2473 Lat
1250 2441 1288 2472 15
1304 2435 1407 2473 ἕνεκε
1419 2437 1509 2471 A²M
1572 2438 1635 2472 καὶ
1652 2447 1720 2471 om.
1735 2436 1908 2473 FLAMV

279 2505 349 2547 τῆσ
367 2498 575 2548 συγκλήτου
587 2499 694 2534 AMV
770 2500 808 2532 16
827 2501 894 2534 τοῦ
911 2494 1029 2543 δήμου
1044 2495 1216 2531 FLAMV
1287 2497 1374 2535 τῶν]
1394 2496 1460 2529 τοῦ
1477 2492 1616 2527 FLAM
1689 2496 1727 2528 17
1746 2496 1809 2530 καὶ
1826 2493 1953 2537 τέκνα]

281 2555 400 2595 αὐτόν
424 2571 465 2594 τε
489 2559 552 2593 καὶ
578 2554 623 2593 τὰ
650 2555 762 2591 τέκνα
789 2554 884 2590 FLV
910 2551 1030 2591 αὐτόν
1052 2567 1092 2590 τε
1118 2555 1181 2589 καὶ
1205 2552 1317 2588 τέκνα
1342 2551 1415 2585 AM
1527 2553 1566 2584 13
1593 2546 1659 2591 οἷς]
1683 2551 1746 2585 καὶ
1773 2551 1955 2595 νομίμοισ

281 2611 342 2651 οἷσ
358 2613 531 2649 FLAMV
601 2609 883 2659 άρχιερωσύνην
899 2610 1160 2655 διακατέσχον]
1185 2604 1389 2655 ἱερωσύνην
1407 2602 1532 2642 αὖτῶν
1549 2606 1799 2652 διακατέσχον
1815 2606 1955 2642 FLAM

282 2668 488 2718 ἱερωσύνην
511 2669 760 2715 διακατέσχον
784 2668 815 2702 V
955 2670 996 2701 20
1022 2666 1208 2710 πέμπτον]
1234 2662 1269 2701 ε’
1294 2664 1327 2699 V
1351 2661 1530 2709 δεύτερον
1555 2662 1694 2697 Ritschl
1719 2673 1810 2698 mus,
1837 2663 1953 2699 Rhen-

284 2731 338 2771 2⁴3,
356 2730 422 2763 600
559 2729 597 2761 21
627 2721 752 2771 αὐτὴν]
780 2721 898 2761 αὐτὸν
922 2723 952 2757 L
1069 2725 1112 2757 22
1137 2723 1377 2768 προαιρῆται,
1403 2720 1463 2765 fii.
1482 2729 1552 2754 ΓΕΒ.
1573 2719 1602 2753 F
1628 2724 1867 2765 προαιρεῖται
1893 2718 1955 2754 PL

284 2787 326 2819 23
351 2783 546 2820 ιὀυδαίουσ
571 2783 609 2817 Μ
717 2779 804 2822 ἔτει]
829 2791 897 2816 om.
924 2780 950 2814 P
977 2778 1030 2816 ἔτι
1054 2778 1084 2813 F
1210 2781 1253 2813 24
1277 2779 1341 2823 τῆς
1366 2798 1392 2801 --
1419 2773 1682 2819 ὑπεξέλωνται]
1707 2786 1757 2810 ca:
1781 2774 1957 2812 reditibus

284 2840 387 2875 chori
411 2839 450 2875 id
473 2846 526 2875 est
550 2840 700 2885 triqinta
727 2837 838 2873 modii
860 2836 1108 2872 subducantur
1132 2835 1203 2871 Lat
1320 2832 1454 2879 κόρον,
1480 2847 1501 2879 ρ
1527 2843 1571 2868 ex
1596 2835 1615 2867 λ
1642 2842 1732 2867 corr.
1758 2831 1790 2866 V
1815 2829 1957 2879 κόρους

284 2896 470 2931 Lowthius
540 2892 784 2941 ἰτφεξὲῑρνται
811 2894 838 2928 Ρ
919 2895 983 2929 καὶ
1007 2890 1100 2938 μήτε
1119 2913 1157 2917 ——
1180 2894 1221 2926 25
1241 2892 1409 2931 τελῶσιν]
1436 2900 1549 2935 nequa:
1568 2895 1604 2923 ut
1622 2889 1737 2934 aliqui
1754 2889 1807 2922 eis
1822 2888 1956 2923 calum-

285 2954 429 2988 nientur
445 2963 560 2998 neque
579 2952 712 2988 tributa
729 2962 792 2987 eos
807 2951 962 2996 exiqant
975 2949 1045 2984 Lat
1107 2951 1149 2984 25
1164 2945 1321 2995 φόρους]
1338 2944 1529 2993 δεφόρουσ
1542 2945 1569 2980 P
1633 2941 1782 2988 αι’-τοὺς]
1799 2939 1916 2982 αὐτοῦ
1929 2944 1958 2980 P

1975 905 2012 938 10

1975 1244 2012 1277 15

1977 1584 2014 1616 20
