2107 3377
296 178 378 216 316
758 178 921 223 ANTIQ.
944 179 1041 215 mn.
1067 179 1153 215 ΧΠ
1176 183 1357 217 413—418
1382 184 1449 224 (xv.
1466 183 1498 225 4)

184 296 265 337 413
411 296 450 334 4.
476 289 648 348 Ἡρώδῃ
672 288 714 334 δ’
741 287 819 335 οὐκ
848 291 990 336 ἐδόκει
1009 296 1156 348 μένειν
1178 291 1250 352 ἐφ’
1275 292 1472 352 ἡσυχίας,
1505 290 1603 338 ἀλλ’
1630 295 1708 340 ἐπὶ
1736 296 1814 355 τὴν
1828 293 1965 342 Ἰδου-

294 363 432 414 μαίαν
462 358 539 402 τὸν
570 355 766 416 ἀδελφὸν
792 356 1007 417 Ἰώσηπον
1039 360 1117 404 σῦν
1149 362 1384 416 δισχιλίοις
1414 360 1626 414 ὁπλίταις
1654 366 1728 407 καὶ
1757 381 1964 421 τετρακο·

296 431 412 478 σίοις
444 427 658 470 ἱππεῦσιν
690 425 954 483 ἐξέπεμψεν,
993 424 1125 480 αὐτὸς
1158 425 1199 472 6²
1227 429 1290 481 εἷς
1320 429 1574 487 Σαμάρειαν
1606 432 1965 488 παραγενόμενος

293 496 367 537 καὶ
398 497 703 548 καταθέμενος
734 490 898 539 αὐτόθι
929 496 1008 554 τήν
1037 513 1085 540 τε
1115 501 1284 554 μητέρα
1312 500 1385 541 καὶ
1425 497 1529 549 τοὺς
1568 509 1788 555 συγγενεῖς
1818 499 1965 558 ἐξελη-

294 561 492 612 λυθότας
522 558 603 618 ἤδη
645 561 690 604 ἐκ
729 565 818 606 τῶν
859 564 1097 608 Μασάδων
1138 564 1215 608 ἐπὶ
1256 566 1501 617 Γαλιλαίας
1540 563 1676 623 ᾤχετο
1722 566 1966 625 ἐξαιρήσων
1993 577 2014 610 5

181 635 263 674 414
293 629 393 672 τινὰ
424 632 512 672 τῶν
539 633 714 685 χωρίων
744 627 830 673 ὑπ’
855 627 1109 688 Ἀντιγόνου
1141 643 1358 690 φρουραῖς
1382 634 1719 692 κατειλημμένα.
1772 634 1965 680 διελθών

294 696 342 739 δὲ
381 696 444 747 εἰς
474 700 718 754 Σέπφωριν
759 702 968 755 νίφοντος
1002 702 1081 743 τοῦ
1111 704 1226 744 θεοῦ
1254 704 1329 745 καὶ
1359 704 1447 744 τιῦν
1478 698 1730 758 Ἀντιγόνου
1761 706 1966 760 φρουρῶν

180 771 261 810 415
291 761 634 816 ὑπεξελθόντων
676 764 720 808 ἐν
762 761 988 824 ἀφθόνοις
1018 758 1070 825 ἦν
1105 778 1200 819 τοῖς
1232 767 1516 827 ἐπιτηδείοις.
1579 768 1660 813 εἶτ’
1687 769 1860 814 ἐκεῖθεν
1889 773 1966 829 λῃ-

294 834 409 875 στῶν
447 835 581 876 τινῶν
621 832 666 876 ἐν
707 835 946 892 σπηλαίοις
985 836 1306 880 κατοικούντων
1347 837 1525 880 ἱππέων
1564 833 1640 881 ἐπ’
1669 834 1829 891 αὖτοὺς
1866 840 1966 898 ἰ’λην

293 898 514 955 ἐκπέμπει
542 903 616 944 καὶ
647 898 883 945 ὁπλιτικοῦ
912 907 1016 958 τρία
1047 905 1149 962 τέλη
1182 906 1357 948 παῦσαι
1377 908 1727 962 κακουργοῦντας
1748 907 1965 964 ἐγνωκώς·
1996 914 2035 950 10

179 974 260 1015 416
293 967 470 1023 ἔγγιστα
502 968 546 1011 δ’
571 960 623 1025 ἦν
654 972 794 1013 ταῦτα
823 970 971 1027 κώμης
1002 967 1229 1028 Ἀρβήλων
1261 973 1506 1029 λεγομένης.
1567 973 1631 1025 εἷς
1668 975 1715 1019 δὲ
1744 991 1966 1033 τεσσαρα-

292 1035 453 1094 κοστὴν
483 1034 649 1094 ἡμέραν
682 1034 814 1088 αὐτὸς
853 1034 952 1095 ἧκεν
988 1041 1292 1097 πανστρατιᾷ,
1331 1042 1405 1083 καὶ
1442 1033 1663 1093 θρασέως
1692 1040 1966 1092 ἐξελθόντων

293 1106 381 1146 τῶν
412 1106 639 1158 πολεμίων
669 1107 864 1148 κλίνεται
894 1106 974 1159 μὲν
995 1105 1043 1148 τὸ
1069 1102 1291 1160 εὐώνυμον
1313 1103 1459 1150 αῦτιῦν
1479 1111 1609 1164 κέρας
1629 1111 1707 1165 τῆς
1726 1109 1966 1166 φάλαγγος,

295 1169 532 1228 ἐπιφανεὶς
554 1169 595 1214 δ’
623 1168 754 1223 αὗτὸς
774 1173 886 1226 μετὰ
913 1177 1100 1231 στίφους
1125 1177 1279 1229 τρέπει
1309 1175 1389 1229 μὲν
1422 1175 1485 1226 εἷς
1515 1175 1658 1233 φυγὴν
1688 1175 1792 1227 τοὺς
1821 1175 1967 1221 πάλαι

178 1242 260 1280 417
292 1241 516 1291 νικῶντας,
550 1238 818 1296 ἀναστρέφει
849 1240 895 1283 δὲ·
926 1240 1029 1291 τοῦς
1055 1242 1311 1298 φεύγοντας.
1364 1242 1550 1287 ἐνέκειτο
1583 1243 1631 1287 δὲ
1662 1242 1834 1287 διώκων
1863 1243 1967 1294 τοὺς
1995 1253 2034 1288 15
2091 1256 2094 1267 ¹

291 1307 534 1360 πολεμίους
566 1304 666 1361 ἄχρι
691 1304 913 1362 Ἰορδάνου
942 1311 1150 1363 ποταμοῦ
1172 1309 1415 1366 φεύγοντας
1435 1308 1533 1354 κατ’
1560 1308 1697 1363 ἄλλας
1717 1309 1860 1365 ὁδούς,
1890 1314 1965 1356 καὶ

291 1374 569 1430 προσάγεται
599 1375 679 1430 μὲν
709 1378 863 1419 πᾶσαν
893 1376 972 1435 τὴν
995 1378 1242 1421 Γαλιλαίαν
1273 1377 1390 1435 πλὴν
1420 1381 1508 1422 τῶν
1541 1379 1585 1423 ἐν
1607 1389 1702 1431 τοῖς
1724 1381 1966 1438 σπηλαίοις

290 1442 624 1496 κατοικούντων,
658 1443 856 1498 διανέμει
888 1444 935 1487 δὲ
964 1447 1036 1488 καὶ
1070 1440 1276 1501 ἀργύριον
1306 1442 1402 1489 κατ’
1429 1443 1569 1503 ἄνδρα
1592 1446 1695 1498 δοῖ-ς
1716 1446 1871 1492 ἑκατὸν
1890 1451 1965 1492 καὶ

291 1510 566 1567 πεντήκοντα
597 1511 808 1567 δραχμάς,
840 1522 934 1562 τοῖς
967 1513 1013 1556 δὲ
1044 1510 1255 1570 ἡγεμόσιν
1275 1514 1391 1557 πολὺ
1414 1515 1564 1568 πλέον,
1597 1515 1661 1566 εἰς
1680 1515 1736 1559 τὰ
1753 1516 1966 1571 χειμάδια

178 1581 259 1621 418
293 1578 553 1634 διέπεμψεν.
613 1582 688 1623 καὶ
720 1580 764 1623 ἐν
794 1580 937 1637 τούτῳ
969 1582 1113 1624 Σίλων
1144 1578 1244 1639 ἧκεν
1275 1577 1387 1638 παρ’
1415 1579 1548 1625 αὐτὸν
1577 1585 1652 1626 καὶ
1683 1583 1727 1627 οἱ
1755 1581 1966 1640 ἡγεμόνες
1992 1593 2050 1628 ω

290 1649 378 1689 τῶν
419 1645 464 1690 ἐν
502 1656 598 1698 τοῖς
632 1648 884 1702 χειμαδίοις
913 1644 1166 1704 Ἀντιγόνου
1202 1649 1373 1707 τροφὰς
1403 1653 1614 1707 παρέχειν
1645 1647 1694 1694 οὗ
1726 1654 1962 1705 θέλοντος·

290 1717 407 1772 μῆνα
437 1714 519 1770 γὰρ
552 1711 602 1758 οῦ
635 1717 772 1759 πλέον
806 1713 963 1767 αὐτοὺς
994 1714 1016 1760 ὃ
1041 1713 1150 1774 ἀνὴρ
1173 1717 1382 1773 ἔθρεψεν,
1415 1718 1664 1774 διέπεμψεν
1687 1718 1734 1763 δὲ
1753 1722 1826 1764 καὶ
1847 1719 1964 1776 πρὸς

404 1842 423 1881 ξ
449 1842 514 1874 413
540 1856 583 1867 =
608 1840 690 1875 bell.
715 1841 793 1875 Iud.
819 1841 836 1875 I
861 1843 938 1876 303.

404 1941 769 1977 PFLAMVWELat
782 1943 944 1978 Zonaras
968 1944 985 1978 I
1012 1955 1044 1988 p.
1064 1946 1142 1977 415.

406 2003 419 2034 1
441 1994 591 2046 ἡρώδησ
607 1998 720 2033 FWE
784 2000 822 2036 δὲ
839 1999 1011 2035 FLAME
1081 1998 1328 2043 *Yd'ovgzcct'wff
1348 1999 1521 2036 ἰουδαίαν
1537 2000 1648 2035 LLat
1712 2003 1731 2036 2
1749 2002 1962 2049 *iosippum

288 2054 359 2090 Lat
459 2056 689 2102 *ffcoffllozffl
715 2061 801 2091 τοῐσ
826 2053 870 2103 μ’
889 2057 942 2103 V„
1037 2059 1056 2090 3
1083 2056 1121 2092 δὲ
1145 2055 1369 2090 FLAMWE
1485 2060 1506 2091 4
1531 2057 1601 2093 *τε
1626 2068 1694 2093 om.
1721 2057 1754 2093 V
1860 2062 1961 2103 τους]

287 2109 380 2148 ‘coi-<5
403 2109 545 2149 ἄλλουσ
568 2111 904 2147 FLAMVWELat
1024 2116 1042 2147 5
1068 2115 1157 2154 τῶν]
1182 2112 1310 2146 PA¹W
1336 2115 1404 2158 τῆσ
1428 2113 1566 2149 FLMV
1590 2118 1626 2148 et
1649 2124 1694 2150 ex
1719 2124 1813 2153 corr.
1837 2116 1871 2150 A

286 2165 465 2213 μασιέδασ
488 2171 552 2209 (ασ
576 2169 684 2204 finale
707 2169 729 2203 i.
756 2179 826 2204 ras.
851 2170 897 2211 A)
921 2169 1093 2204 FLAMV
1117 2168 1286 2204 massada
1313 2169 1382 2204 Lat
1478 2172 1679 2217 γαλιλαιάν
1701 2171 1733 2206 Ε
1809 2169 1961 2220 *ἐξερή-

288 2239 368 2263 σων
390 2226 420 2261 Ρ
492 2228 511 2260 6
535 2226 812 2273 κατειλημμένα
838 2246 878 2250 -
906 2230 923 2260 ’ἱ
950 2228 1132 2272 φρουρῶν
1156 2236 1224 2260 om.
1250 2226 1297 2260 W
1391 2231 1408 2261 'a'
1436 2224 1472 2264 δ’
1489 2227 1588 2263 FLV
1689 2226 1908 2276 σεπφώρειν
1930 2229 1960 2265 P

288 2303 537 2354 σεπφρώριον
560 2305 591 2341 L
618 2305 806 2353 σέπφοριν
821 2305 854 2342 V
924 2317 1129 2351 νειφοντοσ
1145 2305 1174 2340 Ρ
1199 2307 1396 2350 νίφοντοσ,
1421 2308 1443 2342 i.
1469 2317 1579 2352 marg.
1607 2321 1639 2345 ει
1654 2308 1688 2342 Α
1712 2284 1898 2353 νξίςᾳ>οντοσ
1919 2307 1961 2345 Μ

403 2365 421 2397 S
447 2359 528 2399 εἶτα
553 2361 703 2400 ἐκεῖθεν
725 2363 805 2405 (litt.
832 2359 913 2399 εἶτα
938 2361 957 2399 ἐ
980 2362 1004 2398 i.
1028 2373 1098 2397 ras.
1123 2362 1170 2405 A)
1193 2363 1267 2397 AM
1336 2363 1463 2400 έκεῖθε
1487 2363 1518 2398 F
1593 2368 1612 2400 9
1638 2366 1857 2412 σπ·ηλα[οισ
1880 2365 1915 2400 A

287 2417 387 2466 είλὴν
411 2419 440 2454 Ρ
465 2417 565 2466 εἵλην
589 2419 636 2455 W
755 2423 794 2454 10
811 2416 1048 2466 -ἐπεγνωκώσ
1073 2419 1101 2453 P
1231 2423 1267 2454 11
1295 2417 1402 2467 κώμη
1426 2420 1456 2454 F
1579 2419 1784 2469 σαρβὴλων
1807 2421 1868 2457 PF

290 2479 330 2512 12
356 2476 544 2521 θρασέως]
570 2475 722 2522 ταχέωσ
744 2475 899 2510 LAMW
927 2475 1078 2522 ταχέωσ
1101 2475 1283 2522 θρασέωσ
1306 2475 1336 2510 F
1434 2479 1472 2511 13
1499 2472 1636 2532 αὖτιῦν]
1660 2479 1738 2514 eius
1760 2477 1832 2513 Lat
1855 2473 1960 2529 αὐτῷ

287 2555 368 2591 coni
466 2553 670 2603 φάραγγοσ
694 2555 723 2590 Ρ
841 2558 883 2590 14
907 2552 1095 2603 ἐπιφανὴσ
1119 2555 1150 2589 L
1248 2561 1380 2601 φυγεῖν
1403 2556 1437 2589 Α
1461 2537 1514 2600 dt
1530 2557 1562 2592 V
1586 2554 1708 2604 φυγὰς
1731 2558 1786 2594 ed.
1810 2569 1866 2604 pr.

289 2614 330 2646 16
357 2611 468 2659 ἅχρισ
492 2613 526 2648 V
617 2615 686 2649 τοῦ
710 2615 888 2657 ποταμοῦ
911 2612 944 2648 V
1036 2609 1263 2658 φεύγοντασ,
1288 2609 1328 2648 εύ
1352 2612 1375 2647 i.
1401 2622 1472 2647 ras.
1497 2613 1530 2646 A
1621 2610 1712 2650 κατ’
1739 2613 1866 2659 ἄλλας]
1883 2626 1958 2663 per

286 2668 379 2703 alias
403 2673 438 2703 et
461 2669 555 2703 alias
571 2669 642 2704 Lat
666 2667 803 2712 ἄλλους
825 2666 913 2705 κατ’
934 2666 1050 2712 ἄλλας
1067 2669 1210 2704 Bekker
1233 2663 1323 2705 κατ’
1341 2666 1456 2711 ἄλλας
1481 2666 1618 2712 ἄλλους
1642 2671 1724 2706 coni
1818 2674 1857 2708 17
1876 2678 1958 2717 τοῖς

286 2735 355 2760 om.
382 2725 460 2760 cod.
489 2726 596 2760 Busb.
623 2725 653 2759 E
750 2728 790 2760 18
816 2725 973 2770 διένειμε
998 2725 1029 2759 Ε
1126 2727 1229 2768 *καῖ]
1255 2722 1299 2762 τὸ
1326 2725 1448 2759 AMW
1547 2722 1649 2769 κατ’]
1674 2730 1737 2764 καὶ
1760 2723 1852 2765 κατ’
1876 2728 1910 2764 Ε

286 2779 425 2818 ἑκατὸν
449 2779 685 2828 πεντήκοντα
710 2782 856 2817 FLWE
884 2780 943 2829 ρν’
961 2782 994 2818 V
1060 2786 1098 2817 19
1123 2777 1190 2817 *δ’
1216 2781 1434 2817 FLAMVW
1507 2785 1668 2819 *πλεῖον
1691 2783 1910 2821 FLAMVW

286 2838 380 2881 *εἰςΙ
404 2841 466 2874 καὶ
493 2838 544 2881 εἰς
569 2839 622 2873 ed.
648 2850 702 2884 pr.
818 2841 995 2885 χειμαδία
1020 2838 1146 2874 PFLE
1264 2841 1304 2874 20
1331 2835 1502 2885 ἔπεμψεν
1526 2845 1605 2885 (-ψε
1630 2839 1707 2881 FV)
1732 2840 1863 2877 FLVE

287 2894 430 2930 *σίλων
455 2889 518 2941 ἧκε
545 2905 588 2930 ex
614 2896 744 2931 σίλωνι
768 2898 832 2931 καὶ
857 2906 949 2932 corr.
976 2896 1008 2930 V
1131 2891 1258 2941 *παρ’
1283 2891 1409 2932 αὐτῶν
1432 2895 1529 2930 L¹W
1645 2896 1711 2933 *οἱ
1735 2908 1804 2933 om.
1829 2898 1863 2934 V

287 2953 329 2986 22
354 2949 406 2987 *ὃ
433 2946 528 2998 ἀνὴρ
554 2947 695 2988 αὐτοὶ-ο
719 2956 762 2987 tr.
789 2952 820 2987 V
913 2949 1039 2999 *πρὸς
1063 2951 1152 2995 τοὺς
1175 2963 1244 2988 om.
1271 2952 1318 2987 W
