2107 3377
181 356 260 397 103
293 352 368 396 ἐπὶ
398 351 475 408 τὴν
506 352 759 395 κατάλυσιν.
820 351 1098 395 διελθουσῶν
1129 353 1176 396 δὲ
1200 356 1336 409 τριιῦν
1365 352 1539 411 ἡμερῶν
1569 352 1845 409 παραλαβών
1876 350 1955 398 αὖ·

179 696 259 736 104

178 969 256 1008 105
289 963 302 978 ’

179 1171 258 1212 106

180 1444 258 1483 107

182 1716 260 1757 108

291 171 342 208 90
759 171 921 215 ANTIQ.
946 170 1044 207 IUD.
1067 171 1140 206 ΧΠ
1166 173 1343 207 102-108
1367 175 1415 215 (11.
1434 175 1485 215 ιε)

290 301 338 327 τε
370 279 520 335 αὐτοῖς
559 279 642 327 ἆνὰ
681 287 784 339 τρία
823 283 1014 341 δοθῆναι
1042 280 1239 328 τάλαντα
1267 288 1340 330 καὶ
1371 284 1473 336 τοὺς
1505 280 1955 342 ἀποκαταστήσοντας

288 436 391 471 τους
422 438 443 463 ο
468 419 723 477 Δημήτριος
752 420 825 462 καὶ
858 418 1050 463 διελθών
1080 419 1129 463 τὸ
1154 419 1455 464 ἑπταστάδιον
1473 423 1601 476 χῶμα
1620 423 1699 478 τῆς
1718 420 1955 480 θαλάσσης
1989 469 1998 474 ,

289 487 404 544 πρὸς
435 487 512 546 τὴν
544 490 676 544 νῆσον
706 489 781 531 καὶ
812 485 971 542 διαβὰς
1005 486 1121 541 πρὸς
1159 487 1237 545 τὴν
1274 491 1482 546 γέφυραν,
1521 487 1762 546 προελθων
1792 488 1869 534 ἐπὶ
1897 489 1954 533 τὰ

288 556 445 611 βόρεια
475 559 584 639 μέρη
619 555 845 610 συνέδριον
877 554 1121 611 ἐποιήσατο
1156 554 1201 598 ἐν
1231 558 1294 612 τῷ
1325 555 1451 613 παρὰ
1479 555 1559 613 τὴν
1584 552 1696 614 ᾐόνα
1725 573 1956 602 κατεσκευ-
1987 566 2015 578 “”

291 627 466 680 ασιιένιιι)
506 623 612 670 οίκω
650 621 766 677 πρὸς
807 622 1044 678 διάσκεψιν
1082 622 1357 679 πραγμάτων
1397 619 1580 681 ηρεμίας
1617 626 1760 676 καλῶς
1800 624 1956 679 έχοντι.

291 687 464 747 ἆγαγιύν
497 682 570 734 οἶν
604 687 762 741 αυτοίς
794 690 882 734 ἐκεῖ
909 690 1152 745 παρεκάλει
1182 691 1378 744 πάντων,
1411 687 1472 735 ὧν
1495 685 1547 735 ὄῖν
1569 692 1771 750 δεηθεῖεν
1796 692 1859 745 εἷς
1878 693 1957 751 τὴν

290 757 522 817 ἑρμηνείαν
552 762 631 803 τοῦ
662 759 820 814 νόμου,
851 758 1086 814 παρόντων
1118 754 1352 810 ἀκωλύτως
1383 759 1602 804 ε’πιτελεῖν
1632 759 1682 804 τὸ
1716 759 1855 816 έργον.
1913 761 1958 805 οἱ

291 822 332 869 δ’
359 823 420 878 ὥς
450 826 516 870 ἔνι
545 827 741 881 μάλιστα
773 828 1021 884 φιλοτίμως
1051 828 1124 870 καὶ
1155 827 1417 884 φιλοπόνως
1449 823 1604 885 ἀκριβῆ
1625 827 1704 884 τὴν
1725 827 1958 887 ἑρμηνείαν

289 895 553 950 ποιούμενοι
591 899 716 951 μέχρι
756 895 835 950 μὲν
876 894 993 951 ὥρας
1032 893 1187 952 ἐνάτης
1226 894 1340 951 πρὸς
1375 895 1518 952 τούτῳ
1558 895 1779 939 διετέλουν
1823 891 1960 947 ὄντες,
2015 925 2017 931 =
2069 891 2073 946 ξ

289 958 433 1006 «ἔπειτ’
478 962 555 1006 ἐπὶ
593 962 670 1020 τὴν
709 965 788 1006 τοῦ
828 962 1033 1017 σώματος
1073 959 1408 1020 ἀπηλλάττοντο
1449 966 1702 1020 θεραπείαν
1743 959 1960 1021 ἀφθόνως

289 1027 440 1082 αι”τοῖς
469 1033 557 1075 τῶν
589 1030 703 1087 πρὸς
734 1030 812 1088 τὴν
845 1031 1020 1074 δίαιταν
1047 1034 1379 1088 χορηγουμένων
1417 1033 1491 1074 καὶ
1530 1034 1717 1088 προσέτι
1746 1033 1827 1074 τοῦ
1855 1033 1961 1074 Δω-

291 1102 455 1154 ροθέου
488 1099 636 1142 πολλὰ
666 1101 739 1142 καὶ
770 1101 857 1142 τιῦν
889 1098 1344 1153 παρασκευαζομένων
1383 1101 1448 1155 τῴ
1476 1101 1672 1154 βασιλεῖ,
1715 1097 1963 1155 προσέταξε

289 1166 393 1223 γάρ,
438 1163 590 1218 αὐτοῖς
620 1170 904 1221 παρέχοντος.
963 1169 1090 1222 πρωῒ
1117 1166 1163 1209 δὲ
1193 1165 1308 1222 πρὸς
1338 1166 1416 1224 τὴν
1449 1163 1583 1224 αὐλὴν
1613 1165 1962 1223 παραγινόμενοι
2022 1219 2026 1223 .

289 1236 360 1278 καὶ
402 1234 480 1278 τὸν
510 1236 794 1289 Πτολεμαῖον
835 1230 1140 1288 ἀσπαζόμενοι
1178 1234 1317 1278 πάλιν
1359 1234 1435 1278 ἐπὶ
1473 1234 1550 1279 τὸν
1591 1231 1724 1279 αὐτὸν
1760 1231 1964 1293 ἀπῄεσαν
2014 1252 2020 1253 ’

289 1302 431 1345 τόπον
461 1304 534 1346 καὶ
566 1303 620 1358 τῇ
650 1301 860 1359 θαλάσσῃ
891 1301 972 1353 τὰς
998 1311 1149 1358 χεῖρας
1185 1297 1540 1357 ἀπονιπτόμενοι
1570 1305 1644 1347 καὶ
1670 1306 1965 1359 καθαίροντες

292 1367 451 1421 αὗτοίς
481 1369 621 1420 οὕτως
651 1369 727 1413 ἐπὶ
758 1368 836 1427 τὴν
866 1373 954 1413 τῶν
985 1370 1130 1425 νόμων
1162 1369 1395 1428 ἑρμηνείαν
1426 1369 1678 1427 ἐτρέποντο.

406 1441 786 1496 ,Ἠεταγραφέντος
818 1438 864 1481 δὲ
885 1441 964 1482 τοῦ
985 1438 1121 1494 νόμου
1151 1441 1224 1482 καὶ
1245 1441 1324 1481 τοῦ
1352 1437 1463 1482 κατὰ
1483 1438 1561 1497 τὴν
1583 1438 1816 1496 ἑρμηνείαν
1837 1437 1964 1495 ἔργου

290 1507 417 1557 τέλος
455 1505 499 1550 ἐν
540 1503 726 1563 ἡμέραις
765 1505 1064 1564 ἑβδομήκοντα
1102 1508 1176 1550 καὶ
1216 1507 1341 1551 δυσὶν
1378 1506 1613 1562 λαβόντος,
1653 1503 1908 1562 συναγαγὼν
1939 1500 1962 1548 ὃ

291 1574 548 1631 Δημήτριος
578 1573 681 1625 τούς
707 1570 946 1625 Ἰουδαίους
977 1569 1179 1626 ἅπαντας
1211 1574 1275 1626 εἷς
1304 1574 1381 1618 τὸν
1410 1574 1566 1628 τόπον,
1598 1574 1712 1618 ἔνθα
1741 1575 1814 1618 καὶ
1838 1589 1965 1629 μετε-
2002 1593 2004 1596 ’

291 1642 528 1700 βλήθησαν
560 1643 603 1686 οἱ
633 1642 782 1698 νόμοι,
822 1643 1059 1699 παρόντων
1097 1645 1171 1686 καὶ
1202 1646 1290 1686 τῶν
1321 1642 1542 1700 ἑρμηνέων
1573 1639 1737 1699 ἀνέγνω
1766 1641 1963 1693 τούτους.

292 1709 342 1754 τὸ
377 1710 424 1753 δὲ
446 1712 626 1767 πλῆθος
657 1705 904 1761 ἀπεδέξατο
935 1710 1014 1766 μὲν
1035 1712 1108 1754 καὶ
1129 1710 1232 1762 τοὺς
1253 1711 1619 1769 διασαφήσαντας
1641 1713 1964 1767 πρεσβυτέρους

291 1778 368 1822 τὸν
399 1778 546 1833 νόμον,
580 1777 791 1834 ἐπῄνεσεν
823 1778 870 1821 δὲ
900 1780 973 1822 καὶ
1003 1777 1080 1822 τὸν
1111 1778 1368 1836 Δημήτριον
1399 1781 1475 1835 τῆς
1508 1778 1711 1830 ἐπινοίας
1741 1775 1802 1830 ὥς
1828 1777 1964 1834 μεγά-

294 1847 380 1890 λων
422 1842 605 1902 ἆγαθιῦν
645 1841 796 1897 αὐτοῖς
836 1843 1011 1904 εὑρετὴν
1048 1850 1352 1904 γεγενημένον,
1394 1846 1701 1903 παρεκάλεσάν
1732 1863 1780 1890 τε
1810 1846 1964 1890 δοῦναι

292 1915 366 1957 καὶ
395 1922 490 1965 τοῖς
518 1911 778 1971 ἡγουμένοις
810 1910 955 1957 αὐτῶν
978 1910 1227 1970 άναγνιῦναι
1256 1914 1334 1958 τὸν
1356 1914 1503 1969 νόμον,
1536 1911 1732 1971 ἠξίωσάν
1754 1931 1801 1958 τε
1832 1911 1963 1971 [πάν-
1998 1927 2012 1958 ’.
2059 1915 2069 1927 “

407 2018 427 2058 §
455 2019 518 2051 103
543 2033 587 2045 =
611 2017 775 2051 Aristeas
799 2026 834 2060 p.
862 2018 916 2050 66.

407 2095 652 2131 PFLAVWE
662 2095 732 2130 Lat
745 2095 903 2130 Zonaras
927 2095 945 2130 I
968 2106 1004 2140 p.
1032 2098 1108 2131 358.

387 2157 401 2187 1
431 2157 486 2194 τεὶ
511 2152 548 2189 δὲ
566 2152 598 2187 Ε
669 2148 1070 2198 άποκαταστήσαντασ
1088 2152 1115 2186 P
1185 2154 1204 2185 3
1229 2154 1354 2198 χῶμα]
1378 2153 1526 2199 χωρίον
1542 2151 1656 2186 LAW
1726 2155 1747 2187 4
1771 2149 1905 2199 διαβὰς
1922 2172 1964 2177 —
2012 2180 2016 2203 ·.

295 2207 478 2256 γέφυραν]
505 2209 686 2244 transiens
707 2213 857 2253 pontem
881 2208 952 2242 Lat
1071 2205 1302 2254 προσελθὼν
1326 2208 1405 2243 PA¹
1511 2212 1529 2244 5
1554 2206 1672 2256 βόρια
1698 2208 1726 2243 Ρ
1833 2210 1967 2245 *συνε-

295 2270 421 2312 ὁρειον
445 2266 472 2300 Ρ
582 2262 692 2311 ἠϊόνα
718 2262 754 2307 (ό
779 2264 802 2300 i.
820 2275 891 2300 ras.
910 2276 954 2299 m.
976 2267 994 2299 2
1013 2265 1056 2305 L)
1082 2265 1292 2300 PLAVWE
1319 2261 1435 2312 ἠϊῶνα
1462 2265 1490 2299 F
1591 2261 1967 2310 *κατασκευασμὲνω
2015 2291 2022 2296 -

294 2323 340 2358 W
434 2325 454 2358 8
479 2325 584 2359 *τῶν
608 2320 739 2366 νόμων
762 2320 794 2355 V
910 2319 1146 2369 *παρόντωσ
1171 2321 1198 2356 Ρ
1291 2317 1521 2359 *α’κολύτωσ
1547 2322 1625 2357 PL¹
1743 2325 1764 2358 9
1789 2318 1856 2365 ἔνι]
1880 2319 1968 2369 ἐνῆν

295 2381 326 2416 E
443 2381 665 2426 φιλοτίμως]
689 2381 752 2414 καὶ
778 2380 993 2424 φιλοτίμωσ
1016 2379 1048 2414 Ε
1189 2375 1285 2424 *τὴν
1315 2377 1515 2426 ἑρμηνείαν
1547 2374 1685 2426 α’κριβῆ
1710 2382 1755 2414 tr.
1780 2377 1810 2412 F
1813 2378 1879 2415 LV

296 2442 336 2472 10
363 2434 524 2483 ἐννάτησ
549 2436 646 2471 FVE
763 2430 866 2480 πρὸσ
891 2439 1005 2472 τοῦτο
1033 2435 1060 2470 F
1064 2434 1195 2470 LAVE
1291 2439 1330 2471 11
1357 2432 1487 2472 ἔπειτα
1512 2435 1544 2470 E
1646 2430 1965 2482 *ἀπηλλάσσοντο
2022 2447 2026 2451 ·

296 2493 393 2528 FLV
534 2496 575 2528 14
600 2489 934 2539 *παραγενόμενοι
966 2492 1026 2527 PL
1160 2494 1199 2526 15
1225 2492 1316 2527 *καὶ
1357 2511 1398 2516 -
1441 2487 1703 2537 ιῖσπαζόμενοι
1727 2502 1796 2528 om.
1829 2491 1878 2526 W
2022 2486 2028 2491 '

299 2554 339 2585 1⁶5
364 2545 703 2596 *άπονηπτόμενοι
726 2549 754 2584 Ρ
851 2553 890 2583 17
917 2545 1058 2586 avj-vobo
1083 2548 1294 2583 PFLVWE
1392 2551 1431 2583 19
1455 2547 1620 2585 *τέλουσ
1645 2548 1690 2583 W
1785 2545 1856 2585 *θ’
1875 2548 1907 2584 V

296 2608 410 2649 δυσὶν]
436 2610 536 2643 δυεῖν
559 2606 591 2641 Ε
731 2608 768 2641 21
797 2608 889 2642 *καὶ
913 2616 981 2641 om.
1007 2605 1086 2639 LW
1225 2607 1266 2640 23
1292 2602 1480 2651 ἐπήιέσαν
1503 2605 1634 2640 FINE
1734 2607 1778 2640 24
1802 2601 1969 2652 εὑρετὴν]

296 2659 496 2710 εὐεργέτην
521 2663 614 2698 PFL
647 2664 816 2698 inuentor
839 2662 911 2697 Lat
1024 2659 1302 2709 παρεκάλεσαν]
1332 2663 1479 2708 roqauit
1503 2662 1573 2698 Lat
1681 2675 1723 2699 τε
1747 2672 1818 2698 om.
1841 2661 1924 2697 Aw

297 2723 438 2762 δοῦναι]
464 2716 499 2755 δ’
526 2714 593 2757 οὖν
617 2719 698 2755 AW
835 2720 930 2764 apud
961 2719 1142 2755 Aristeam
1173 2719 1393 2754 Demetrium
1423 2718 1548 2755 iubent
1579 2719 1691 2763 legem
1715 2717 1969 2763 transcriptum

296 2777 364 2812 sibi
388 2777 529 2813 tradere
656 2779 697 2811 25
724 2769 954 2820 ἀξιώσαντες
981 2796 1025 2802 ——
1049 2779 1103 2819 91,
1136 2779 1155 2811 3
1186 2771 1294 2818 αὐτά]
1319 2781 1353 2811 et
1384 2775 1571 2821 petierunt
1608 2785 1730 2811 omnes
1762 2773 1971 2811 sacerdotes
2018 2790 2028 2823 ς

296 2834 513 2879 interpretes
549 2834 709 2869 seniores
744 2838 779 2868 et
809 2833 1020 2880 praepositi
1052 2834 1190 2878 yemis,
1225 2837 1265 2868 ut
1306 2832 1393 2868 bene
1434 2832 1700 2878 intctpraetata
1738 2832 1971 2878 permaneret

296 2890 487 2925 immobilis
517 2890 588 2924 Lat
726 2885 892 2935 ἠξίωσάν
929 2892 981 2931 τε]
1019 2884 1253 2932 α’ξιώσαντεσ
1289 2888 1434 2924 PLAW
1572 2885 1725 2930 πάντες]
1761 2888 1968 2933 suspectum

298 2943 456 2988 στάντες
483 2946 642 2981 Aristeas
