2107 3377
119 1058 200 1098 212

120 1329 200 1369 213

230 197 309 236 190
675 194 835 239 ANTIQ.
861 193 957 230 IUD.
983 193 1070 229 XIII
1095 196 1274 229 209—214
1297 195 1355 237 (vl.
1373 195 1448 236 ατ)
1496 194 1498 196 ’

230 311 404 368 σπουδῇ
433 327 482 353 τε
513 309 576 359 εἷς
606 307 684 365 τὴν
717 307 955 350 Γαλαδῖτιν
987 305 1189 361 ἐμβαλών
1218 307 1296 350 τόν
1326 323 1373 349 τε
1389 301 1604 362 Ἰωνάθην
1627 300 1892 355 ἆποκτείνας

231 375 395 422 αὗτόθι
425 379 495 420 καὶ
528 378 725 433 ταφῆναι
745 371 952 424 κελεύσας
975 370 1106 425 αἰτὸς
1128 374 1190 425 εἰς
1210 374 1288 430 τὴν
1306 371 1576 427 Ἀντιόχειαν
1598 370 1891 428 ὑπέστρεψεν.

229 444 251 490 ὃ
287 447 333 490 δὲ
364 450 513 499 Σίμων
544 447 731 498 πέμψας
762 442 825 493 εἷς
855 440 1008 484 Βασκὰ
1040 442 1173 486 πόλιν
1203 441 1483 496 μετακομίζει
1513 439 1567 483 τὰ
1597 442 1674 483 τοῦ
1697 436 1892 497 ἀδελφοῦ

229 509 361 565 ὄστᾶ,
400 514 474 555 καὶ
512 511 683 568 κηδεύει
720 510 799 565 μὲν
837 511 976 552 ταῦτα
1008 508 1052 552 ἓν
1082 510 1267 553 ,Μωδεεῖ
1305 512 1357 567 τῇ
1397 508 1604 564 πατρίδι,
1644 511 1815 558 πένθος
1846 504 1886 550 δ’

231 578 306 626 ἐπ)
339 577 459 637 αὐτῷ
497 582 607 634 μέγα
647 579 738 628 πᾶς
777 575 799 621 oc
843 576 949 628 λαὸς
986 577 1243 635 ἐποιήσατο.
1304 581 1452 631 Σίλιιων
1493 576 1539 618 δὲ
1578 577 1653 618 καὶ
1681 584 1893 633 μνημεῖον

229 652 436 704 μέγιστον
458 643 740 703 ᾠκοδόμησεν
760 648 825 702 τῴ
845 662 893 688 τε
916 646 1054 700 πατρὶ
1077 647 1150 688 καὶ
1170 654 1265 695 τοῖς
1287 640 1497 702 ἀδελφοῖς
1520 643 1563 686 ἐκ
1585 645 1719 686 λίθου
1741 644 1893 686 λευκοῦ

229 717 302 759 καὶ
336 711 636 769 άνεξεσλιιένου.
698 713 760 765 εἷς
791 713 906 756 πολὺ
939 713 985 756 δ’
1008 708 1114 755 αὐτὸ
1147 714 1218 755 καὶ
1251 716 1498 766 περίοπτον
1529 707 1756 767 ἀναγαγών
1776 710 1894 766 ὕψος

231 782 365 832 στοὰς
394 784 497 836 περὶ
531 777 636 825 αὐτὸ
666 781 878 837 βάλλεται
907 783 981 823 καὶ
1003 780 1186 829 στύλους
1206 781 1477 834 μονολίθους
1497 778 1762 834 θαυμαστὸν
1784 778 1894 822 ἰδεῖν

226 853 373 907 χρῆμα
413 847 664 907 ἀνίστησιν,
706 849 820 904 πρὸς
856 848 1030 898 τούτοις
1071 848 1118 890 δὲ
1156 849 1227 890 καὶ
1270 847 1526 904 πυραμίδας
1562 846 1677 889 ἑπτὰ
1716 855 1810 898 τοῖς
1846 863 1896 889 τε

229 921 429 975 γονεῦσιν
458 920 529 961 καὶ
563 926 656 968 τοῖς
687 915 899 972 ἀδελφοῖς
930 915 1099 971 ἑκάστῳ
1129 920 1236 970 μίαν
1267 911 1548 971 ᾠκοδόμησεν
1588 914 1650 965 εἷς
1689 913 1898 972 ἔκπληξιν

230 989 448 1042 μεγέθους
486 1002 534 1029 τε
574 985 696 1029 ἕνεκα
734 987 807 1028 καὶ
845 984 1031 1034 κάλλους
1063 985 1389 1039 πεποιημένας,
1431 985 1477 1025 αἳ
1506 984 1577 1026 καὶ
1610 985 1735 1037 μέχρι
1767 982 1894 1035 δεῦρο

234 1054 461 1106 σώζονται.
520 1055 595 1097 καὶ
625 1055 730 1109 περὶ
760 1053 840 1107 μὲν
870 1054 948 1109 τῆς
972 1048 1189 1094 Ἰωνάθου
1210 1052 1354 1107 ταφῆς
1374 1051 1446 1092 καὶ
1468 1052 1544 1107 τῆς
1564 1052 1651 1092 τῶν
1671 1053 1896 1106 μνημείων

232 1122 488 1176 οἰκοδομίας
518 1131 613 1171 τοῖς
645 1121 825 1170 οἰκείοις
849 1124 1050 1173 Σίμωνος
1080 1117 1298 1174 τοσαύτην
1330 1116 1528 1173 σπουδὴν
1560 1116 1743 1171 οἴδαμεν
1773 1133 1898 1173 γενο-

230 1193 377 1245 μένην.
439 1185 667 1232 άπέθανεν
699 1189 746 1231 δὲ
771 1184 985 1244 Ἰωνάθης
1016 1182 1335 1239 ἀρχιερατεύων
1366 1185 1439 1242 ἔτη
1470 1188 1664 1240 τέσσαρα
1698 1182 1899 1240 προστὰς

230 1260 309 1301 τοῦ
338 1261 502 1313 γένους.
561 1258 634 1299 καὶ
673 1255 728 1299 τὰ
768 1256 847 1310 μὲν
885 1255 992 1309 περὶ
1026 1255 1103 1309 τῆς
1131 1252 1289 1296 τούτου
1319 1253 1523 1309 τελευτῆς
1556 1251 1600 1295 ἐν
1629 1251 1804 1301 τούτοις
1835 1242 1898 1309 ἦν.

345 1330 370 1367 7
375 1338 383 1368 ’.
406 1329 555 1379 Σίμων
579 1325 625 1367 δὲ
646 1325 947 1372 κατασταθεὶς
970 1317 1193 1377 ἀρχιερεὺς
1213 1317 1300 1363 ὑπὸ
1322 1322 1401 1363 τοῦ
1422 1320 1628 1377 πλήθους
1649 1322 1711 1376 τῷ
1732 1318 1898 1376 πρώτῳ

229 1396 305 1451 τῆς
339 1389 661 1450 ἀρχιερωσύνης
701 1391 790 1435 ἔτει
827 1393 903 1449 τῆς
945 1389 1019 1433 ἐπὶ
1059 1398 1154 1440 τοῖς
1184 1387 1419 1432 ,Μακεδόσι
1451 1388 1654 1438 δουλείας
1682 1386 1759 1431 τὸν
1790 1385 1898 1431 λαὸν

230 1457 536 1518 ἠλευθέρωσεν
568 1458 628 1511 ιῦς
658 1462 811 1517 μηκέτι
843 1457 1010 1515 φόρους
1042 1452 1192 1508 αὐτοῖς
1221 1458 1383 1500 τελεῖν·
1424 1453 1449 1514 ἡ
1484 1456 1531 1499 δὲ
1562 1455 1795 1510 ἐλευθερία
1824 1457 1896 1498 καὶ

230 1529 279 1573 τὸ
324 1526 591 1584 ἀνείσφορον
630 1537 726 1578 τοῖς
759 1523 991 1576 Ἰουδαίοις
1029 1524 1140 1580 μετὰ
1181 1524 1480 1581 ἑβδομήκοντα
1517 1526 1590 1568 καὶ
1629 1522 1784 1566 ἑκατὸν
1822 1522 1896 1581 ἔτη

230 1600 319 1641 τῶν
340 1601 504 1653 Συρίας
533 1597 754 1652 βασιλέων
786 1593 833 1646 ἐξ
863 1590 912 1638 οὗ
930 1593 1089 1649 χρόνου
1110 1595 1320 1643 Σέλευκος
1351 1589 1372 1636 ὁ
1399 1591 1608 1647 Νικάτωρ
1640 1590 1901 1648 ἐπικληθεὶς

232 1670 438 1719 κατέσχεν
469 1668 631 1720 Συρίαν
661 1661 867 1720 ὑπῆρξεν.
926 1661 1117 1719 τοσαύτη
1152 1657 1193 1703 δ’
1219 1651 1270 1717 ἧν
1302 1657 1324 1717 ἦ
1355 1663 1432 1703 τοῦ
1453 1660 1658 1717 πλήθους
1688 1661 1792 1715 περὶ
1822 1657 1900 1702 τὸν

232 1739 414 1789 Σίμωνα
453 1735 712 1790 φιλοτιμία,
753 1726 860 1774 ὥστ’
887 1730 931 1774 ἐν
969 1739 1063 1780 τοῖς
1101 1728 1216 1784 πρὸς
1255 1724 1469 1783 ἀλλήλους
1508 1727 1797 1782 συμβολαίοις
1826 1727 1898 1769 καὶ

232 1812 326 1853 τοῖς
358 1802 591 1858 δημοσίοις
620 1799 872 1856 γράμμασιν
906 1798 981 1841 ἐπὶ
1014 1797 1194 1853 πρώτου
1227 1795 1349 1846 ἔτους
1378 1796 1564 1853 γράφειν
1596 1799 1796 1849 Σίμωνος
1825 1795 1896 1836 καὶ

347 1938 367 1981 ξ
390 1939 454 1971 209
481 1955 522 1965 =
552 1939 578 1972 1.
596 1935 760 1970 Maccab.
786 1934 874 1968 XIII
893 1936 947 1968 23.

346 2058 632 2094 PFLAMVWE
643 2058 712 2092 Lat
726 2058 885 2092 Zonaras
910 2056 926 2090 I
951 2067 985 2100 p.
1013 2058 1090 2090 355.

349 2120 363 2151 1
391 2118 473 2159 *τε]
500 2115 539 2152 δὲ
563 2115 592 2149 L
618 2128 659 2151 τε
686 2108 753 2160 ι’)’λη
778 2113 815 2146 Μ
930 2115 1151 2159 γαλααδῖτιν
1174 2109 1348 2146 FAMVE
1374 2112 1593 2156 γααλαδῖτιν
1618 2109 1648 2143 L
1673 2110 1901 2156 γαλααδίτην

234 2174 313 2208 WE
429 2171 646 2219 *ἐμβιιλιὺν,
671 2168 700 2206 ὡ
727 2182 768 2204 (fx
795 2175 830 2205 ει·
853 2179 944 2204 corr.
972 2169 1043 2203 uid.
1070 2168 1099 2202 L
1217 2171 1236 2203 3
1263 2163 1405 2209 Βασκὰ]
1432 2168 1618 2210 Βασκαμᾶ
1642 2166 1806 2202 Maccab.

233 2230 499 2275 *μετακομίζει
524 2226 584 2270 τὰ]
607 2227 900 2273 μετακομίζεται
927 2225 954 2259 Ρ
1026 2228 1045 2258 4
1070 2224 1139 2269 μὲν
1164 2235 1232 2259 om.
1252 2224 1278 2258 P
1363 2226 1524 2265 Μωδεεῖ]
1551 2233 1619 2257 om.
1644 2222 1716 2258 Lat
1737 2225 1902 2268 μωδεεὶμ

234 2289 296 2323 FV
321 2290 468 2332 μωδεεῖ,
485 2288 524 2322 δε
541 2295 584 2320 ex
602 2287 660 2320 ὃαι
678 2294 782 2325 corn,
798 2283 821 2318 i.
841 2292 948 2326 marg.
968 2295 1005 2317 αι
1021 2282 1055 2315 A
1070 2282 1226 2326 μωόαιεὶ
1243 2280 1331 2315 MW
1401 2280 1439 2317 δὲ
1456 2279 1577 2314 AMW
1649 2282 1667 2312 5
1687 2275 1812 2316 αὐτῶν
1828 2279 1856 2314 Ρ

234 2346 387 2391 ἐποίησε
411 2348 506 2382 (-σεν
530 2341 640 2379 A¹W›
664 2339 784 2374 AMW
886 2342 905 2373 6
932 2351 970 2374 τε
996 2349 1063 2373 om.
1094 2337 1138 2371 W
1249 2341 1266 2371 ἵ
1292 2337 1330 2373 δὲ
1353 2337 1475 2371 AMW
1577 2338 1595 2370 S
1620 2335 1722 2377 ἰδεῖν]
1747 2349 1790 2373 τε
1812 2337 1902 2373 [δεῖν

235 2403 295 2437 FV
391 2404 411 2435 9
436 2396 596 2441 τούτοις]
622 2400 735 2433 τοῦτο
762 2396 791 2430 L
907 2409 947 2431 τε
973 2406 1001 2430 s.
1026 2396 1059 2429 A
1084 2406 1152 2430 om.
1177 2394 1223 2428 W
1344 2397 1379 2428 ll
1406 2393 1515 2439 μέχρι
1539 2394 1602 2429 καὶ
1626 2396 1670 2427 tr.
1696 2392 1850 2427 LAMW

240 2463 277 2494 12
305 2457 506 2502 σώιζονται
531 2455 563 2490 A
654 2453 723 2498 μὲν
748 2457 816 2487 om.
843 2453 870 2487 P
963 2449 1159 2488 ἰωνάθουσ
1184 2451 1211 2485 Ρ
1310 2452 1480 2497 μνημίων
1503 2450 1533 2484 L
1630 2452 1669 2484 13
1695 2448 1903 2495 οἰκοδομῆσ

237 2517 273 2552 Μ
345 2515 484 2551 οἰκίοισ
502 2512 531 2547 L
606 2514 645 2545 14
670 2506 972 2557 ιῖρχιερατεύσασ
988 2508 1100 2542 ΙΛΝΕ
1172 2507 1363 2554 *τέτταρα
1382 2507 1536 2541 FAMW
1609 2509 1648 2540 15
1674 2508 1741 2542 τοῦ
1758 2505 1902 2552 γένους]

235 2572 445 2608 iudaeorum
471 2570 541 2604 Lat
611 2569 787 2612 τελευτῆσ
812 2566 950 2602 τούτου
974 2572 1018 2600 tr.
1046 2564 1166 2599 AMW
1235 2563 1276 2600 ἐν
1299 2561 1448 2606 τούτοις
1467 2584 1506 2588 -
1527 2566 1568 2598 22
1586 2557 1684 2598 ὥστ’
1702 2573 1768 2597 om.
1789 2561 1860 2596 Lat

241 2633 278 2663 10
303 2630 325 2664 i.
352 2637 461 2671 marg.
488 2622 544 2661 ια’
563 2625 593 2659 L
714 2627 751 2657 Π
777 2622 837 2659 ἐπὶ.
864 2626 954 2664 τοῖς]
980 2619 1054 2658 ὑπὸ
1080 2621 1335 2656 FLAMVWE
1455 2623 1494 2654 18
1519 2617 1781 2663 *ἐλειπθέρωσε
1807 2618 1835 2652 L

237 2681 405 2722 *αι’-τοὺσ
430 2684 459 2717 L
579 2684 618 2716 19
643 2675 857 2727 α’νίσφορον
882 2681 910 2714 L
1042 2684 1122 2720 τοῖς
1146 2688 1214 2714 om.
1239 2677 1395 2712 AMVW
1518 2672 1580 2722 ἔτη
1605 2686 1672 2709 om.
1692 2674 1811 2709 AMW

237 2746 278 2777 '2⁰
305 2745 381 2778 τῶν
410 2761 447 2765 -
473 2737 675 2787 βασιλέων]
701 2739 770 2782 τῆσ
794 2734 988 2781 α’σσυρίων
1011 2736 1213 2783 βασιλείασ
1237 2734 1268 2768 V
1344 2733 1496 2779 Συρίας]
1522 2727 1715 2776 dom-plem-
1734 2730 1858 2765 l'FLV

235 2796 380 2845 χρόνου
403 2808 471 2832 om.
489 2794 609 2829 AMW
726 2791 918 2840 Νικάτωρ]
944 2792 1134 2837 spanheim
1154 2789 1317 2834 νικάνωρ
1337 2789 1439 2824 codd.
1558 2790 1595 2822 21
1625 2787 1661 2823 δὲ
1680 2786 1835 2821 AMWE

239 2851 283 2899 *ᾗ
313 2865 380 2887 om.
405 2851 434 2886 F
507 2853 605 2898 περὶ]
632 2846 735 2896 πρὸσ
759 2850 918 2884 AMWE
1011 2851 1052 2882 22
1079 2843 1176 2884 ὥστε
1203 2846 1390 2881 LAMWE
1469 2843 1550 2885 *erl
1577 2841 1616 2880 ἕν
1641 2857 1680 2880 τε
1707 2843 1859 2879 LAMW

242 2906 443 2955 *α’λλήλοισ
470 2909 496 2941 P
591 2910 631 2942 223
658 2903 947 2953 συγγράμμασιν
974 2905 1004 2940 E
1112 2902 1185 2945 ἐπὶ]
1211 2902 1270 2939 ἐπὶ
1296 2905 1365 2938 τοῦ
1387 2900 1641 2935 FLAMVWE
1734 2902 1808 2941 καὶ]
1835 2902 1905 2936 τοῦ

238 2969 297 3002 καὶ
326 2965 353 2998 Ι·Ἰ
379 2967 446 3000 τοῦ
472 2965 545 3004 LV,
571 2975 639 2999 om.
665 2963 695 2998 E
