2107 3377
273 215 355 254 380
661 212 827 256 ANTIQ.
852 211 951 247 IUD.
975 211 1042 247 XV
1069 213 1247 247 265—270
1272 214 1412 254 (v11.1o.
1430 214 1547 252 v111.1)

272 331 452 385 πρῶτον
492 327 672 382 ἔξαρνος
715 328 929 382 γενέσθαι
974 323 1023 367 τὸ
1072 327 1345 382 φωραθῆναι
1389 322 1492 374 τοῖς
1537 320 1698 380 ἄνδρας
1745 318 1822 366 οἰκ
1864 317 1943 366 ἆν-

273 401 548 453 υποτίμητον
581 390 700 450 αὐτῷ
730 395 1032 447 πεπεισμένος
1065 387 1115 435 οὗ
1145 392 1281 447 μόνον
1314 391 1359 435 ἐκ
1387 394 1465 449 τῆς
1496 387 1687 444 εὖνοὶας,
1728 385 1840 432 ἀλλὰ
1868 391 1941 434 καὶ

161 467 242 508 266
273 467 351 523 τῆς
390 460 577 520 ἀνάγκης
612 457 695 519 ἤδη
735 462 814 503 τοῦ
855 459 1096 504 λανθάνειν
1129 455 1287 511 αὐτοὺς
1317 463 1580 515 περιείχετο.
1638 460 1743 514 περὶ
1773 457 1943 502 τούτων

275 532 625 589 ἐξαγγελθέντων
649 525 768 585 αὐτῷ
799 527 874 571 διὰ
901 530 979 586 τῆς
1011 523 1207 585 ἀδελφῆς
1237 524 1259 571 ὁ
1291 526 1500 583 βασιλεῦς
1530 529 1719 581 πέμψας
1749 525 1812 576 εἷς
1840 524 1945 577 τοὺς

271 600 460 651 τόπους,
501 597 545 641 ἐν
579 597 645 649 οἷς
677 597 925 652 διατρίβειν
957 594 1262 653 ἐμηνύθησαν,
1304 595 1494 646 ἐκείνους
1529 610 1578 637 τε
1606 595 1679 637 καὶ
1710 592 1813 644 τοὺς
1843 608 1946 650 συγ-
1973 601 1994 634 5

272 669 644 716 καταιτιαθέντας
691 660 969 716 ἀπέκτεινεν,
1016 658 1124 706 ὥστ’
1165 661 1279 706 εἶναι
1318 663 1453 721 μηδὲν
1491 659 1745 705 ὗπόλοιπον
1786 659 1832 704 ἐκ
1867 662 1946 720 τῆς

268 733 474 791 Ὑρκανοῦ
506 736 778 789 συγγενείας,
823 726 935 773 ἆλλὰ
966 729 1045 788 τὴν
1072 731 1305 785 βασιλείαν
1346 728 1628 780 αὐτεξούσιον
1660 724 1781 784 αὐτῷ
1810 728 1945 786 μηδε-

274 802 348 853 νὸς
378 799 506 852 ὄντος
531 797 607 844 ἐπ)
635 796 888 855 αξιώματος
922 797 1130 853 ἐμποδῶν
1160 799 1380 842 ἵστασθαι
1401 807 1495 848 τοῖς
1516 799 1945 852 παρανομουμένοις.

163 874 245 914 267
389 872 503 914 VIII.
547 875 582 913 1.
621 868 714 912 Διὰ
745 870 876 911 τοῦτο
916 869 991 911 καὶ
1022 867 1192 922 μᾶλλον
1223 865 1442 920 ἔξέβαιιεν
1474 867 1560 908 τῶν
1590 868 1794 921 πατρίων
1825 862 1946 908 ἐθῶν

273 940 346 982 καὶ
387 937 571 989 ξενικοῖς
610 936 958 994 επιτηδευμασιν
996 931 1349 991 ὑποδιέφθειρεν
1386 932 1465 989 τὴν
1495 932 1639 976 πάλαι
1678 932 1948 976 κατάστασιν
1979 939 2017 974 1⁰

276 1004 651 1064 ἀπαρεγχείρητον
683 995 832 1055 οὖσαι,
865 1002 913 1054 εξ
942 998 1003 1045 ὦν
1035 997 1083 1045 οὗ
1106 1018 1240 1056 μικρα
1271 1003 1344 1044 καὶ
1374 999 1491 1053 πρὸς
1520 1000 1597 1043 τὸν
1630 999 1765 1052 αὖθις
1790 1000 1948 1057 χρόνον

275 1071 551 1132 ηδικήθημεν
593 1068 910 1129 ἀμεληθέντων
950 1068 1035 1112 ὅσα
1073 1065 1291 1124 πρότερον
1338 1067 1414 1110 ἐπὶ
1453 1066 1532 1123 τὴν
1577 1063 1804 1123 ευσέβειαν
1847 1066 1948 1126 ἠγεν

163 1145 243 1186 268
274 1141 378 1193 τοίς
417 1139 592 1196 όχλους·
639 1142 818 1195 πρῶτον
859 1139 939 1192 μὲν
977 1153 1060 1192 γαρ
1103 1132 1252 1192 άγιῦνα
1290 1134 1634 1192 πενταετηρικὸν
1675 1131 1949 1192 ἀθλημάτων

275 1209 576 1266 κατεστήσατο
616 1212 815 1262 Καίσαρι
861 1207 937 1248 καὶ
975 1207 1173 1257 θέατρον
1220 1202 1264 1246 ἐν
1298 1200 1617 1257 εΙ’“εροσολιμοις
1654 1198 1948 1260 ᾠκοδόμησεν,

279 1276 414 1332 αὖθίς
443 1294 468 1318 τ
513 1293 556 1319 ει
588 1279 652 1332 τῷ
679 1275 824 1332 πεδίῳ
855 1277 1065 1330 μέγιστον
1097 1273 1423 1329 ἀμφιθέατρον,
1456 1275 1683 1327 περίοπτα
1713 1271 1792 1325 μὲν
1815 1286 1951 1328 αμφω
1980 1278 2019 1312 15

276 1348 330 1402 τῇ
361 1345 648 1402 πολυτελεία,
686 1345 765 1387 τοῦ
797 1343 844 1385 δὲ
876 1341 986 1384 κατὰ
1018 1340 1122 1392 τοὺς
1147 1336 1386 1389 Ιουδαίους
1417 1337 1553 1390 έθοτς
1584 1333 1818 1395 ἆλλότρια·
1844 1339 1950 1397 χρῆ-

278 1417 348 1463 σίς
378 1430 426 1456 τε
453 1411 536 1492 γὰρ
570 1408 714 1454 αἰτῶν
743 1412 818 1454 καὶ
848 1409 1094 1465 θεαμάτων
1124 1407 1339 1451 τοιούτων
1370 1405 1587 1457 ἐπίδειξις
1619 1401 1668 1449 οὗ
1699 1406 1951 1461 παραδίδο-

164 1485 245 1526 269
275 1499 364 1524 ται.
416 1480 494 1539 τὴν
524 1483 677 1534 μέντοι
708 1495 954 1536 πανηγυριν
987 1476 1148 1528 ἐκεῖνος
1179 1474 1539 1533 ἐπιφανεστάτην
1569 1473 1648 1532 τὴν
1677 1476 1754 1531 τῆς
1785 1490 1951 1518 πεντα-

276 1549 477 1626 ετηρίδος
517 1548 738 1591 σινετέλει
768 1547 1059 1602 καταγγείλας
1097 1561 1144 1587 τε
1183 1553 1276 1594 τοῖς
1315 1543 1448 1599 πέριξ
1482 1545 1555 1586 καὶ
1596 1543 1820 1599 συγκαλῶν
1856 1537 1948 1585 άπὸ

274 1620 353 1661 τοῦ
384 1615 554 1667 παντός
586 1616 759 1666 έθνοις.
812 1615 856 1658 οἱ
888 1610 929 1657 δ
957 1609 1153 1670 ἀθληταὶ
1183 1614 1257 1655 καὶ
1287 1610 1342 1655 τὰ
1365 1611 1503 1655 λοιπὰ
1526 1613 1612 1654 τῶν
1635 1606 1956 1667 αγωνισμάτων
1981 1616 2020 1652 2)

277 1682 367 1728 άπὸ
390 1685 540 1742 πάσης
559 1686 637 1740 γῆς
659 1682 893 1726 ἐκαλοῦντο
915 1699 995 1725 κατ
1002 1676 1198 1724 ’ἐλπίδα
1219 1683 1306 1722 τῶν
1323 1682 1625 1737 προκειμένων
1641 1680 1714 1721 καὶ
1734 1680 1812 1736 τῆς
1832 1682 1952 1736 νίκης

277 1749 468 1810 εὐδοξίᾳ,
492 1751 782 1810 συνελέγησάν
799 1768 847 1794 τε
869 1750 912 1794 οἱ
932 1749 1281 1807 κορυφαιότατοι
1303 1750 1392 1791 τῶν
1409 1747 1452 1790 ἐν
1468 1756 1562 1797 τοῖς
1583 1745 1949 1804 ἐπιτηδεύμασιν·

166 1825 246 1866 270
279 1817 328 1864 οὗ
359 1820 441 1877 γὰρ
472 1820 608 1875 μόνον
629 1829 723 1870 τοῖς
754 1821 858 1876 περὶ
884 1817 965 1869 τὰς
994 1815 1205 1874 γυμνικὰς
1237 1812 1455 1873 ἀσκήσεις,
1489 1811 1601 1857 ἀλλὰ
1621 1816 1696 1857 καὶ
1717 1822 1811 1864 τοῖς
1832 1812 1877 1856 ἓν
1896 1814 1951 1869 τῇ

395 1959 414 1999 ξ
442 1958 507 1991 268
531 1974 575 1986 --
598 1955 681 1990 bell.
707 1954 784 1989 Iud.
810 1954 824 1988 1
850 1957 927 1990 415.

393 2079 679 2116 PFLAMVWE
689 2079 930 2114 Latzonaras
954 2077 969 2111 I
994 2089 1028 2122 p.
1045 2080 1123 2112 431.

398 2142 410 2173 1
440 2140 495 2174 τῶ
520 2137 558 2172 M
674 2137 893 2181 αοραθῆιαι
918 2134 946 2169 Ρ
1064 2128 1133 2170 οὐκ
1164 2143 1232 2168 om.
1260 2132 1403 2167 PFVW
1520 2134 1539 2166 2
1564 2133 1640 2172 καὶ]
1671 2132 1735 2166 καὶ
1762 2129 1806 2165 ἐκ
1829 2129 1862 2163 V

281 2199 300 2230 3
326 2198 413 2242 περὶ
430 2215 473 2220 -
491 2198 512 2229 4
529 2193 847 2240 ἐξαγγελθέντων]
865 2191 910 2226 de
926 2190 983 2226 llis
999 2201 1079 2225 cum
1096 2191 1299 2224 nuntiatum
1320 2209 1359 2213 —
1376 2189 1509 2233 fuesset
1533 2187 1605 2221 Lat
1697 2187 1784 2233 περὶ
1808 2183 1956 2220 seclusit

278 2252 436 2287 Dindorf
457 2262 500 2287 ex
525 2251 576 2292 E,
606 2250 680 2286 uid.
707 2249 752 2284 ad
776 2259 812 2293 p.
828 2250 905 2289 379,
921 2250 963 2282 22
1091 2245 1244 2292 4*ἐς“α>
1248 2245 1441 2292 γεὶέντων
1464 2244 1493 2279 P
1523 2240 1807 2290 ἐξαγγεὶόντων
1829 2241 1878 2277 W
1900 2239 1955 2285 ἐξ

281 2308 534 2356 αγγελθὲντος
558 2307 639 2343 coni
754 2302 820 2348 *ο]
848 2301 867 2341 ὁ
895 2304 933 2341 δε
958 2303 986 2338 F
1104 2307 1122 2337 5
1149 2301 1567 2339 *σινκαταιτιαθέντασ
1591 2300 1618 2334 P
1643 2297 1955 2346 σιγκατετιαθέν-

279 2379 352 2403 τασ
375 2365 424 2400 L¹
528 2368 547 2399 6
574 2358 672 2400 ὥστε
696 2362 762 2397 VE
868 2365 885 2394 7
912 2361 1159 2407 *σι’νγει·ειάσ
1183 2359 1231 2394 V²
1336 2355 1452 2406 αὐτῷ]
1483 2353 1586 2394 αἰτῶ
1611 2353 1810 2403 τυγχάνειν
1831 2355 1863 2390 Ε

280 2427 300 2458 9
325 2425 528 2469 *πατριῶν
552 2421 579 2455 Ρ
613 2422 811 2466 πατρικῶν
834 2417 864 2452 L
987 2421 1023 2451 10
1049 2413 1339 2462 *ἐπιτηδεῦμασι
1373 2415 1560 2461 διέφθειρε
1593 2414 1630 2448 Μ
1750 2414 1790 2447 12
1821 2407 1955 2458 άμελη·

280 2479 440 2520 θέντων]
465 2473 804 2523 άλλάμεληθέντων
827 2475 874 2510 V¹
978 2472 1052 2515 ἐπὶ]
1075 2469 1150 2509 ὑπὸ
1176 2473 1206 2507 L
1311 2475 1351 2507 13
1379 2470 1526 2518 ὄχλους]
1556 2467 1728 2516 μοχλοὺσ
1752 2469 1780 2504 Ρ
1883 2467 1954 2512 μὲν

281 2547 349 2572 om.
377 2537 407 2570 Ε
512 2539 550 2569 15
578 2530 627 2576 τ’]
653 2546 693 2570 τε
718 2532 864 2567 LAWE
899 2530 936 2567 δὲ
961 2529 1000 2564 Μ
1104 2528 1174 2565 *ἐν
1200 2550 1237 2554 —-
1265 2529 1457 2575 μέγιστον]
1482 2528 1517 2561 in
1544 2537 1672 2573 campo
1697 2525 1858 2560 maximo
1882 2524 1955 2559 Lat

394 2593 612 2637 *περίοπτα
637 2591 721 2635 μὲν]
753 2583 938 2634 περίοπτ’
964 2587 992 2621 F
1019 2587 1209 2634 περίοπτα
1234 2586 1266 2620 V
1387 2589 1426 2619 16
1451 2582 1620 2621 *ἔθνουσ
1645 2582 1691 2617 W
1795 2577 1954 2629 χρήσεισ

280 2648 434 2683 LAMW
547 2651 584 2683 17
610 2646 808 2690 ἐπιδείξεισ
831 2644 986 2679 LAMW
1098 2644 1370 2691 παραδίδονται
1394 2639 1547 2675 LAMW
1574 2638 1710 2674 tradita
1732 2638 1861 2683 fuerat
1884 2637 1955 2672 Lat

282 2706 536 2752 παραδέδοται
570 2704 713 2739 Bekker
843 2704 882 2737 18
907 2701 1076 2746 1·“με’ντοι]
1107 2700 1176 2745 μὲν
1200 2699 1232 2734 V
1359 2700 1428 2743 τῆσ
1452 2696 1748 2742 πενταετηρίδοσ
1777 2692 1953 2739 ἐπιφανε·

283 2760 424 2809 στάτην
443 2767 488 2797 tr.
508 2762 539 2796 E
633 2757 701 2807 τὴν
727 2770 794 2795 om.
812 2758 1002 2793 LAMWE
1097 2756 1388 2802 *πεντετηρίδος
1411 2764 1479 2788 van
1497 2751 1711 2787 Herwerden
1806 2754 1847 2787 19
1872 2763 1955 2787 συν·

283 2819 387 2865 ετέ).η
414 2820 442 2853 L
536 2819 759 2864 συγκακλιῦν
784 2815 812 2850 F
908 2818 949 2849 20
975 2811 1021 2851 τὰ
1048 2810 1161 2850 λοιπὰ
1188 2823 1255 2849 om.
1275 2812 1306 2846 L
1399 2813 1437 2845 21
1465 2808 1695 2855 ἐγκαλοῦντο
1723 2807 1768 2841 W
1861 2819 1954 2855 προ-

282 2876 477 2920 κειμένων]
508 2875 786 2921 prnpositorum
818 2871 1069 2919 praemiorum
1101 2870 1171 2905 Lat
1294 2870 1335 2902 22
1367 2862 1537 2909 εὐδοξίαν
1570 2865 1596 2899 Ρ
1630 2861 1776 2908 ειῖεξίαν
1798 2863 1864 2899 FV

283 2929 590 2978 κοριηαιιότατοι
616 2930 646 2964 L
746 2932 837 2971 τοῖς]
863 2926 1013 2970 τούτοις
1044 2931 1108 2962 aut
1141 2923 1327 2967 τοιούτοις
1352 2923 1494 2959 Ernesti
1608 2925 1648 2956 23
1675 2917 1896 2968 *γυμνικὰσ,
1920 2932 1953 2956 va

284 2999 327 3024 ex
354 3001 396 3023 ιϊ
422 2999 511 3022 corr.
540 2988 565 3021 P
