<?xml version="1.0" encoding="UTF-8"?>
<!DOCTYPE html PUBLIC "-//W3C//DTD XHTML 1.0 Transitional//EN"
    "http://www.w3.org/TR/xhtml1/DTD/xhtml1-transitional.dtd">
<html xmlns="http://www.w3.org/1999/xhtml" xml:lang="en" lang="en">
 <head>
  <title>
</title>
<meta http-equiv="Content-Type" content="text/html;charset=utf-8" />
  <meta name='ocr-system' content='tesseract 3.04.00' />
  <meta name='ocr-capabilities' content='ocr_page ocr_carea ocr_par ocr_line ocrx_word'/>
</head>
<body>
  <div class='ocr_page' id='page_1' title='image "./operajosephus03joseuoft/operajosephus03joseuoft_0290.png"; bbox 0 0 2107 3377; ppageno 0'>
   <div class='ocr_carea' id='block_1_1' title="bbox 169 360 306 409">
    <p class='ocr_par' dir='ltr' id='par_1_1' title="bbox 169 360 306 409">
     <span class='ocr_line' id='line_1_1' title="bbox 169 360 306 409; baseline -0.007 0"><span class='ocrx_word' id='word_1_1' title='bbox 169 368 250 409; x_wconf 87' lang='lat'><em>360</em></span> <span class='ocrx_word' id='word_1_2' title='bbox 294 360 306 376; x_wconf 72' lang='lat'>³</span> 
     </span>
    </p>
   </div>
   <div class='ocr_carea' id='block_1_2' title="bbox 168 639 245 680">
    <p class='ocr_par' dir='ltr' id='par_1_2' title="bbox 168 639 245 680">
     <span class='ocr_line' id='line_1_2' title="bbox 168 639 245 680; baseline -0.013 0"><span class='ocrx_word' id='word_1_3' title='bbox 168 639 245 680; x_wconf 88' lang='lat'><em>361</em></span> 
     </span>
    </p>
   </div>
   <div class='ocr_carea' id='block_1_3' title="bbox 166 909 255 952">
    <p class='ocr_par' dir='ltr' id='par_1_3' title="bbox 166 909 255 952">
     <span class='ocr_line' id='line_1_3' title="bbox 166 909 255 952; baseline -0.011 0"><span class='ocrx_word' id='word_1_4' title='bbox 166 909 255 952; x_wconf 72' lang='lat'><em>362·</em></span> 
     </span>
    </p>
   </div>
   <div class='ocr_carea' id='block_1_4' title="bbox 164 1182 246 1223">
    <p class='ocr_par' dir='ltr' id='par_1_4' title="bbox 164 1182 246 1223">
     <span class='ocr_line' id='line_1_4' title="bbox 164 1182 246 1223; baseline 0.012 -1"><span class='ocrx_word' id='word_1_5' title='bbox 164 1182 246 1223; x_wconf 86' lang='lat'><em>363</em></span> 
     </span>
    </p>
   </div>
   <div class='ocr_carea' id='block_1_5' title="bbox 165 1453 246 1494">
    <p class='ocr_par' dir='ltr' id='par_1_5' title="bbox 165 1453 246 1494">
     <span class='ocr_line' id='line_1_5' title="bbox 165 1453 246 1494; baseline -0.025 0"><span class='ocrx_word' id='word_1_6' title='bbox 165 1453 246 1494; x_wconf 83' lang='lat'><em>364</em></span> 
     </span>
    </p>
   </div>
   <div class='ocr_carea' id='block_1_6' title="bbox 164 1793 245 1835">
    <p class='ocr_par' dir='ltr' id='par_1_6' title="bbox 164 1793 245 1835">
     <span class='ocr_line' id='line_1_6' title="bbox 164 1793 245 1835; baseline -0.025 0"><span class='ocrx_word' id='word_1_7' title='bbox 164 1793 245 1835; x_wconf 86' lang='lat'><em>365</em></span> 
     </span>
    </p>
   </div>
   <div class='ocr_carea' id='block_1_7' title="bbox 283 183 1513 232">
    <p class='ocr_par' dir='ltr' id='par_1_7' title="bbox 283 183 1513 232">
     <span class='ocr_line' id='line_1_7' title="bbox 283 183 1513 232; baseline 0.001 -12"><span class='ocrx_word' id='word_1_8' title='bbox 283 183 363 221; x_wconf 87' lang='grc'><em>218</em></span> <span class='ocrx_word' id='word_1_9' title='bbox 704 183 867 229; x_wconf 75' lang='lat' dir='ltr'><strong>ANTIQ.</strong></span> <span class='ocrx_word' id='word_1_10' title='bbox 892 185 988 221; x_wconf 93' lang='lat' dir='ltr'><strong>IUD.</strong></span> <span class='ocrx_word' id='word_1_11' title='bbox 1013 185 1102 221; x_wconf 91' lang='lat' dir='ltr'><strong>XIII</strong></span> <span class='ocrx_word' id='word_1_12' title='bbox 1126 189 1304 224; x_wconf 86' lang='lat'>359—365</span> <span class='ocrx_word' id='word_1_13' title='bbox 1329 191 1415 231; x_wconf 79' lang='lat' dir='ltr'><strong>(xm.</strong></span> <span class='ocrx_word' id='word_1_14' title='bbox 1436 194 1466 223; x_wconf 88' lang='lat'><em>3.</em></span> <span class='ocrx_word' id='word_1_15' title='bbox 1483 192 1513 232; x_wconf 79' lang='grc'><em>4)</em></span> 
     </span>
    </p>
   </div>
   <div class='ocr_carea' id='block_1_8' title="bbox 277 293 1947 1274">
    <p class='ocr_par' dir='ltr' id='par_1_8' title="bbox 277 293 1947 1239">
     <span class='ocr_line' id='line_1_8' title="bbox 282 293 1944 359; baseline 0.005 -20"><span class='ocrx_word' id='word_1_16' title='bbox 282 297 402 341; x_wconf 89' lang='grc' dir='ltr'><em>δαῖοι</em></span> <span class='ocrx_word' id='word_1_17' title='bbox 439 293 634 354; x_wconf 75' lang='grc' dir='ltr'><em>τάληθὲς</em></span> <span class='ocrx_word' id='word_1_18' title='bbox 674 296 1077 356; x_wconf 75' lang='grc' dir='ltr'><strong><em>ἐπισυστρέφονται</em></strong></span> <span class='ocrx_word' id='word_1_19' title='bbox 1121 302 1195 344; x_wconf 82' lang='grc' dir='ltr'><em>καὶ</em></span> <span class='ocrx_word' id='word_1_20' title='bbox 1233 310 1326 352; x_wconf 89' lang='grc' dir='ltr'><em>τοῖς</em></span> <span class='ocrx_word' id='word_1_21' title='bbox 1365 301 1575 354; x_wconf 82' lang='grc' dir='ltr'><strong><em>Γαζαίοις</em></strong></span> <span class='ocrx_word' id='word_1_22' title='bbox 1614 304 1944 359; x_wconf 88' lang='grc' dir='ltr'><em>προσβαλόντες</em></span> 
     </span>
     <span class='ocr_line' id='line_1_9' title="bbox 283 361 1944 424; baseline 0.005 -16"><span class='ocrx_word' id='word_1_23' title='bbox 283 368 540 423; x_wconf 80' lang='grc' dir='ltr'><em>αναιροῦσιν</em></span> <span class='ocrx_word' id='word_1_24' title='bbox 580 361 723 408; x_wconf 71' lang='grc' dir='ltr'><em>αὐτῶν</em></span> <span class='ocrx_word' id='word_1_25' title='bbox 763 367 868 422; x_wconf 86' lang='grc' dir='ltr'><em>περὶ</em></span> <span class='ocrx_word' id='word_1_26' title='bbox 902 367 1085 420; x_wconf 82' lang='grc' dir='ltr'><strong><em>χιλίους.</em></strong></span> <span class='ocrx_word' id='word_1_27' title='bbox 1144 370 1232 411; x_wconf 81' lang='grc' dir='ltr'><em>τῶν</em></span> <span class='ocrx_word' id='word_1_28' title='bbox 1263 368 1309 411; x_wconf 82' lang='grc' dir='ltr'><em>δὲ</em></span> <span class='ocrx_word' id='word_1_29' title='bbox 1341 369 1543 421; x_wconf 79' lang='grc' dir='ltr'><em>Γαζαίων</em></span> <span class='ocrx_word' id='word_1_30' title='bbox 1573 365 1842 424; x_wconf 71' lang='grc' dir='ltr'><em>ἀντεχόντων</em></span> <span class='ocrx_word' id='word_1_31' title='bbox 1870 375 1944 418; x_wconf 86' lang='grc' dir='ltr'><em>καὶ</em></span> 
     </span>
     <span class='ocr_line' id='line_1_10' title="bbox 279 431 1944 495; baseline 0.005 -20"><span class='ocrx_word' id='word_1_32' title='bbox 279 433 390 489; x_wconf 89' lang='grc' dir='ltr'><em>μήτε</em></span> <span class='ocrx_word' id='word_1_33' title='bbox 427 431 515 477; x_wconf 73' lang='grc' dir='ltr'><em>ὑπὸ</em></span> <span class='ocrx_word' id='word_1_34' title='bbox 553 435 630 491; x_wconf 84' lang='grc' dir='ltr'><em>τῆς</em></span> <span class='ocrx_word' id='word_1_35' title='bbox 670 432 840 484; x_wconf 75' lang='grc' dir='ltr'><em>ἐνδείας</em></span> <span class='ocrx_word' id='word_1_36' title='bbox 877 433 987 492; x_wconf 84' lang='grc' dir='ltr'><em>μήτε</em></span> <span class='ocrx_word' id='word_1_37' title='bbox 1023 431 1112 478; x_wconf 75' lang='grc' dir='ltr'><em>ὑπὸ</em></span> <span class='ocrx_word' id='word_1_38' title='bbox 1152 438 1231 479; x_wconf 82' lang='grc' dir='ltr'><em>τοῦ</em></span> <span class='ocrx_word' id='word_1_39' title='bbox 1261 436 1467 495; x_wconf 88' lang='grc' dir='ltr'><em>πλήθους</em></span> <span class='ocrx_word' id='word_1_40' title='bbox 1495 439 1584 480; x_wconf 81' lang='grc' dir='ltr'><em>τῶν</em></span> <span class='ocrx_word' id='word_1_41' title='bbox 1615 433 1944 494; x_wconf 76' lang='grc' dir='ltr'><em>ἀναιρουμένων</em></span> 
     </span>
     <span class='ocr_line' id='line_1_11' title="bbox 281 497 1944 564; baseline 0.004 -21"><span class='ocrx_word' id='word_1_42' title='bbox 281 499 553 554; x_wconf 76' lang='grc' dir='ltr'><em>ἐνδιδόντων,</em></span> <span class='ocrx_word' id='word_1_43' title='bbox 595 503 688 544; x_wconf 79' lang='grc' dir='ltr'><em>πᾶν</em></span> <span class='ocrx_word' id='word_1_44' title='bbox 724 500 808 558; x_wconf 80' lang='grc' dir='ltr'><em>γὰρ</em></span> <span class='ocrx_word' id='word_1_45' title='bbox 839 498 990 545; x_wconf 79' lang='grc' dir='ltr'><em>ὁτιοῦν</em></span> <span class='ocrx_word' id='word_1_46' title='bbox 1020 499 1238 557; x_wconf 71' lang='grc' dir='ltr'><em>ὑπέμενον</em></span> <span class='ocrx_word' id='word_1_47' title='bbox 1268 508 1440 548; x_wconf 89' lang='grc' dir='ltr'><em>παθεῖν</em></span> <span class='ocrx_word' id='word_1_48' title='bbox 1469 497 1497 560; x_wconf 79' lang='grc' dir='ltr'><em>ἢ</em></span> <span class='ocrx_word' id='word_1_49' title='bbox 1525 501 1614 548; x_wconf 72' lang='grc' dir='ltr'><em>ὕπὸ</em></span> <span class='ocrx_word' id='word_1_50' title='bbox 1646 508 1711 562; x_wconf 75' lang='grc' dir='ltr'><em>τῷ</em></span> <span class='ocrx_word' id='word_1_51' title='bbox 1741 508 1944 564; x_wconf 81' lang='grc' dir='ltr'><em>πολεμίῳ</em></span> 
     </span>
     <span class='ocr_line' id='line_1_12' title="bbox 278 566 1944 629; baseline 0.004 -18"><span class='ocrx_word' id='word_1_52' title='bbox 278 571 512 624; x_wconf 69' lang='grc' dir='ltr'><em>γενέσθαι,</em></span> <span class='ocrx_word' id='word_1_53' title='bbox 551 569 903 626; x_wconf 73' lang='grc' dir='ltr'><em>προσεπήγειρεν</em></span> <span class='ocrx_word' id='word_1_54' title='bbox 942 566 984 613; x_wconf 75' lang='grc' dir='ltr'><em>δ’</em></span> <span class='ocrx_word' id='word_1_55' title='bbox 1018 566 1162 614; x_wconf 72' lang='grc' dir='ltr'><em>αὐτῶν</em></span> <span class='ocrx_word' id='word_1_56' title='bbox 1198 570 1277 628; x_wconf 83' lang='grc' dir='ltr'><em>τὴν</em></span> <span class='ocrx_word' id='word_1_57' title='bbox 1316 575 1576 627; x_wconf 71' lang='grc' dir='ltr'><em>προθυμίαν</em></span> <span class='ocrx_word' id='word_1_58' title='bbox 1605 574 1680 616; x_wconf 82' lang='grc' dir='ltr'><em>καὶ</em></span> <span class='ocrx_word' id='word_1_59' title='bbox 1709 569 1891 629; x_wconf 77' lang='grc' dir='ltr'><em>Ἀρέτας</em></span> <span class='ocrx_word' id='word_1_60' title='bbox 1920 573 1944 619; x_wconf 80' lang='grc' dir='ltr'>ὅ</span> 
     </span>
     <span class='ocr_line' id='line_1_13' title="bbox 280 631 1944 700; baseline 0.004 -22"><span class='ocrx_word' id='word_1_61' title='bbox 280 632 482 691; x_wconf 78' lang='grc' dir='ltr'><em>Ἀράβων</em></span> <span class='ocrx_word' id='word_1_62' title='bbox 502 635 712 690; x_wconf 76' lang='grc' dir='ltr'><em>βασιλεὺς</em></span> <span class='ocrx_word' id='word_1_63' title='bbox 733 636 941 689; x_wconf 73' lang='grc' dir='ltr'><em>ἐπίδοξος</em></span> <span class='ocrx_word' id='word_1_64' title='bbox 963 631 1022 681; x_wconf 76' lang='grc' dir='ltr'><em>ὢν</em></span> <span class='ocrx_word' id='word_1_65' title='bbox 1042 634 1161 696; x_wconf 77' lang='grc' dir='ltr'><em>ἥξειν</em></span> <span class='ocrx_word' id='word_1_66' title='bbox 1184 634 1333 691; x_wconf 69' lang='grc' dir='ltr'><em>αὐτοῖς</em></span> <span class='ocrx_word' id='word_1_67' title='bbox 1354 640 1591 695; x_wconf 81' lang='grc' dir='ltr'><em>σύμμαχος.</em></span> <span class='ocrx_word' id='word_1_68' title='bbox 1652 636 1764 684; x_wconf 73' lang='grc' dir='ltr'><em>ἄλλα</em></span> <span class='ocrx_word' id='word_1_69' title='bbox 1788 644 1944 700; x_wconf 83' lang='grc' dir='ltr'><em>συνέβη</em></span> 
     </span>
     <span class='ocr_line' id='line_1_14' title="bbox 281 700 1946 767; baseline 0.005 -22"><span class='ocrx_word' id='word_1_70' title='bbox 281 706 460 758; x_wconf 80' lang='grc' dir='ltr'><em>πρῶτον</em></span> <span class='ocrx_word' id='word_1_71' title='bbox 489 703 567 747; x_wconf 84' lang='grc' dir='ltr'><em>τὸν</em></span> <span class='ocrx_word' id='word_1_72' title='bbox 595 700 924 750; x_wconf 77' lang='grc' dir='ltr'><em>Ἀπολλόδοτον</em></span> <span class='ocrx_word' id='word_1_73' title='bbox 960 707 1294 765; x_wconf 72' lang='grc' dir='ltr'><em>διαφθαρῆναι·</em></span> <span class='ocrx_word' id='word_1_74' title='bbox 1334 713 1598 763; x_wconf 87' lang='grc' dir='ltr'><em>Λυσίμαχος</em></span> <span class='ocrx_word' id='word_1_75' title='bbox 1635 707 1718 765; x_wconf 76' lang='grc' dir='ltr'><em>γὰρ</em></span> <span class='ocrx_word' id='word_1_76' title='bbox 1750 704 1946 767; x_wconf 72' lang='grc' dir='ltr'><em>ἀδελφὸς</em></span> 
     </span>
     <span class='ocr_line' id='line_1_15' title="bbox 281 769 1945 832; baseline 0.004 -19"><span class='ocrx_word' id='word_1_77' title='bbox 281 769 416 814; x_wconf 85' lang='grc' dir='ltr'><em>αυτοῦ</em></span> <span class='ocrx_word' id='word_1_78' title='bbox 456 771 711 829; x_wconf 81' lang='grc' dir='ltr'><em>ζηλοτυπῶν</em></span> <span class='ocrx_word' id='word_1_79' title='bbox 752 769 885 818; x_wconf 84' lang='grc' dir='ltr'><em>αυτὸν</em></span> <span class='ocrx_word' id='word_1_80' title='bbox 925 773 1001 818; x_wconf 74' lang='grc' dir='ltr'><em>ἐπὶ</em></span> <span class='ocrx_word' id='word_1_81' title='bbox 1040 777 1104 831; x_wconf 80' lang='grc' dir='ltr'><em>τῶ</em></span> <span class='ocrx_word' id='word_1_82' title='bbox 1142 774 1266 830; x_wconf 79' lang='grc' dir='ltr'><em>παρὰ</em></span> <span class='ocrx_word' id='word_1_83' title='bbox 1305 785 1399 826; x_wconf 90' lang='grc' dir='ltr'><em>τοῖς</em></span> <span class='ocrx_word' id='word_1_84' title='bbox 1437 778 1646 827; x_wconf 87' lang='grc' dir='ltr'><em>πολίταις</em></span> <span class='ocrx_word' id='word_1_85' title='bbox 1688 772 1945 832; x_wconf 84' lang='grc' dir='ltr'><em>ευδοκιμεῖν,</em></span> 
     </span>
     <span class='ocr_line' id='line_1_16' title="bbox 279 835 1946 902; baseline 0.004 -21.004"><span class='ocrx_word' id='word_1_86' title='bbox 279 842 451 890; x_wconf 86' lang='grc' dir='ltr'><em>κτείνας</em></span> <span class='ocrx_word' id='word_1_87' title='bbox 482 835 616 883; x_wconf 82' lang='grc' dir='ltr'><em>αυτὸν</em></span> <span class='ocrx_word' id='word_1_88' title='bbox 645 843 718 885; x_wconf 84' lang='grc' dir='ltr'><em>καὶ</em></span> <span class='ocrx_word' id='word_1_89' title='bbox 750 841 1068 897; x_wconf 85' lang='grc' dir='ltr'><em>στρατιωτικὸν</em></span> <span class='ocrx_word' id='word_1_90' title='bbox 1100 843 1394 900; x_wconf 80' lang='grc' dir='ltr'><em>συγκροτήσας</em></span> <span class='ocrx_word' id='word_1_91' title='bbox 1418 843 1650 888; x_wconf 76' lang='grc' dir='ltr'><em>ἐνδίδωσιν</em></span> <span class='ocrx_word' id='word_1_92' title='bbox 1670 841 1946 902; x_wconf 79' lang='grc' dir='ltr'><em>Ἀλεξάνδρῳ</em></span> 
     </span>
     <span class='ocr_line' id='line_1_17' title="bbox 278 904 1947 971; baseline 0.004 -22"><span class='ocrx_word' id='word_1_93' title='bbox 278 906 356 965; x_wconf 84' lang='grc' dir='ltr'><em>τὴν</em></span> <span class='ocrx_word' id='word_1_94' title='bbox 387 907 534 951; x_wconf 90' lang='grc' dir='ltr'><em>πόλ.ιν</em></span> <span class='ocrx_word' id='word_1_95' title='bbox 595 925 618 951; x_wconf 96' lang='grc' dir='ltr'><em>ο</em></span> <span class='ocrx_word' id='word_1_96' title='bbox 652 904 693 951; x_wconf 73' lang='grc' dir='ltr'><em>δ’</em></span> <span class='ocrx_word' id='word_1_97' title='bbox 721 904 856 960; x_wconf 88' lang='grc' dir='ltr'><em>ευθυς</em></span> <span class='ocrx_word' id='word_1_98' title='bbox 893 910 973 964; x_wconf 84' lang='grc' dir='ltr'><em>μὲν</em></span> <span class='ocrx_word' id='word_1_99' title='bbox 1010 910 1230 954; x_wconf 81' lang='grc' dir='ltr'><em>εισελθών</em></span> <span class='ocrx_word' id='word_1_100' title='bbox 1259 907 1432 968; x_wconf 81' lang='grc' dir='ltr'><em>ἠρέμει,</em></span> <span class='ocrx_word' id='word_1_101' title='bbox 1471 929 1582 967; x_wconf 90' lang='grc' dir='ltr'><em>μετα</em></span> <span class='ocrx_word' id='word_1_102' title='bbox 1623 913 1670 956; x_wconf 83' lang='grc' dir='ltr'><em>δὲ</em></span> <span class='ocrx_word' id='word_1_103' title='bbox 1700 915 1839 956; x_wconf 85' lang='grc' dir='ltr'><em>ταῦτα</em></span> <span class='ocrx_word' id='word_1_104' title='bbox 1867 911 1947 971; x_wconf 88' lang='grc' dir='ltr'><em>τὴν</em></span> 
     </span>
     <span class='ocr_line' id='line_1_18' title="bbox 280 974 1946 1035; baseline 0.004 -18"><span class='ocrx_word' id='word_1_105' title='bbox 280 974 465 1030; x_wconf 79' lang='grc' dir='ltr'><em>δύναμιν</em></span> <span class='ocrx_word' id='word_1_106' title='bbox 497 975 698 1033; x_wconf 82' lang='grc' dir='ltr'><em>επαφῆκε</em></span> <span class='ocrx_word' id='word_1_107' title='bbox 726 987 822 1028; x_wconf 88' lang='grc' dir='ltr'><em>τοῖς</em></span> <span class='ocrx_word' id='word_1_108' title='bbox 856 977 1062 1030; x_wconf 79' lang='grc' dir='ltr'><em>Γαζαίοις</em></span> <span class='ocrx_word' id='word_1_109' title='bbox 1094 977 1342 1033; x_wconf 76' lang='grc' dir='ltr'><em>επιτρέψας</em></span> <span class='ocrx_word' id='word_1_110' title='bbox 1370 988 1580 1035; x_wconf 90' lang='grc' dir='ltr'><em>τιμωρεῖν</em></span> <span class='ocrx_word' id='word_1_111' title='bbox 1612 976 1791 1032; x_wconf 69' lang='grc' dir='ltr'><em>αὐτούς·</em></span> <span class='ocrx_word' id='word_1_112' title='bbox 1824 980 1867 1024; x_wconf 83' lang='grc' dir='ltr'><em>οἱ</em></span> <span class='ocrx_word' id='word_1_113' title='bbox 1899 980 1946 1023; x_wconf 83' lang='grc' dir='ltr'><em>δὲ</em></span> 
     </span>
     <span class='ocr_line' id='line_1_19' title="bbox 280 1038 1940 1106; baseline 0.004 -22"><span class='ocrx_word' id='word_1_114' title='bbox 280 1039 408 1086; x_wconf 80' lang='grc' dir='ltr'><em>α’λλοι</em></span> <span class='ocrx_word' id='word_1_115' title='bbox 438 1038 606 1102; x_wconf 83' lang='grc' dir='ltr'><em>αλλαχη</em></span> <span class='ocrx_word' id='word_1_116' title='bbox 636 1045 903 1101; x_wconf 89' lang='grc' dir='ltr'><em>τρεπόμενοι</em></span> <span class='ocrx_word' id='word_1_117' title='bbox 932 1062 1035 1096; x_wconf 87' lang='grc' dir='ltr'><em>τους</em></span> <span class='ocrx_word' id='word_1_118' title='bbox 1058 1045 1274 1097; x_wconf 81' lang='grc' dir='ltr'><em>Γαζαίους</em></span> <span class='ocrx_word' id='word_1_119' title='bbox 1295 1042 1571 1091; x_wconf 79' lang='grc' dir='ltr'><em>απέκτειναν.</em></span> <span class='ocrx_word' id='word_1_120' title='bbox 1630 1046 1742 1106; x_wconf 78' lang='grc' dir='ltr'><em>ἦσαν</em></span> <span class='ocrx_word' id='word_1_121' title='bbox 1774 1044 1816 1090; x_wconf 72' lang='grc' dir='ltr'><em>δ’</em></span> <span class='ocrx_word' id='word_1_122' title='bbox 1845 1043 1940 1091; x_wconf 69' lang='grc' dir='ltr'><em>οὐδ’</em></span> 
     </span>
     <span class='ocr_line' id='line_1_20' title="bbox 279 1108 1947 1170; baseline 0.004 -17"><span class='ocrx_word' id='word_1_123' title='bbox 279 1110 436 1154; x_wconf 85' lang='grc' dir='ltr'><em>εκεῖνοι</em></span> <span class='ocrx_word' id='word_1_124' title='bbox 465 1111 546 1162; x_wconf 80' lang='grc' dir='ltr'><em>τὰς</em></span> <span class='ocrx_word' id='word_1_125' title='bbox 576 1111 722 1168; x_wconf 80' lang='grc' dir='ltr'><em>ψυχας</em></span> <span class='ocrx_word' id='word_1_126' title='bbox 752 1119 967 1169; x_wconf 76' lang='grc' dir='ltr'><em>ἀγεννεῖς,</em></span> <span class='ocrx_word' id='word_1_127' title='bbox 1009 1108 1118 1156; x_wconf 70' lang='grc' dir='ltr'><em>αλ)</em></span> <span class='ocrx_word' id='word_1_128' title='bbox 1097 1132 1123 1155; x_wconf 94' lang='grc' dir='ltr'><em>α</em></span> <span class='ocrx_word' id='word_1_129' title='bbox 1154 1115 1225 1157; x_wconf 80' lang='grc' dir='ltr'><em>καὶ</em></span> <span class='ocrx_word' id='word_1_130' title='bbox 1255 1123 1349 1165; x_wconf 90' lang='grc' dir='ltr'><em>τοῖς</em></span> <span class='ocrx_word' id='word_1_131' title='bbox 1379 1118 1752 1169; x_wconf 88' lang='grc' dir='ltr'><em>παραπίπτουσιν</em></span> <span class='ocrx_word' id='word_1_132' title='bbox 1783 1111 1947 1170; x_wconf 79' lang='grc' dir='ltr'><em>ἀμυνό-</em></span> 
     </span>
     <span class='ocr_line' id='line_1_21' title="bbox 277 1175 1946 1274; baseline 0.004 -54"><span class='ocrx_word' id='word_1_133' title='bbox 277 1195 402 1232; x_wconf 66' lang='grc' dir='ltr'><em>μενοι</em></span> <span class='ocrx_word' id='word_1_134' title='bbox 441 1195 544 1230; x_wconf 92' lang='grc' dir='ltr'><em>τους</em></span> <span class='ocrx_word' id='word_1_135' title='bbox 569 1175 808 1231; x_wconf 88' lang='grc' dir='ltr'><em>[ουδαίους</em></span> <span class='ocrx_word' id='word_1_136' title='bbox 850 1197 925 1224; x_wconf 83' lang='grc' dir='ltr'><em>ουκ</em></span> <span class='ocrx_word' id='word_1_137' title='bbox 964 1179 1201 1232; x_wconf 74' lang='grc' dir='ltr'><em>ἐλάττονας</em></span> <span class='ocrx_word' id='word_1_138' title='bbox 1241 1177 1384 1224; x_wconf 82' lang='grc' dir='ltr'><em>αυτῶν</em></span> <span class='ocrx_word' id='word_1_139' title='bbox 1415 1182 1696 1274; x_wconf 67' lang='grc' dir='ltr'><em>διέφθειραν.</em></span> <span class='ocrx_word' id='word_1_140' title='bbox 1757 1183 1868 1227; x_wconf 89' lang='grc' dir='ltr'><em>ε’νιοι</em></span> <span class='ocrx_word' id='word_1_141' title='bbox 1898 1183 1946 1226; x_wconf 80' lang='grc' dir='ltr'><em>δὲ</em></span> 
     </span>
    </p>
   </div>
   <div class='ocr_carea' id='block_1_9' title="bbox 278 1245 2011 1316">
    <p class='ocr_par' dir='ltr' id='par_1_9' title="bbox 278 1245 2011 1316">
     <span class='ocr_line' id='line_1_22' title="bbox 278 1245 2011 1316; baseline 0.003 -28"><span class='ocrx_word' id='word_1_142' title='bbox 278 1263 542 1316; x_wconf 85' lang='grc' dir='ltr'><em>μονουμενοι</em></span> <span class='ocrx_word' id='word_1_143' title='bbox 572 1246 652 1298; x_wconf 79' lang='grc' dir='ltr'><em>τὰς</em></span> <span class='ocrx_word' id='word_1_144' title='bbox 683 1247 826 1298; x_wconf 78' lang='grc' dir='ltr'><em>οικίας</em></span> <span class='ocrx_word' id='word_1_145' title='bbox 857 1247 1208 1305; x_wconf 75' lang='grc' dir='ltr'><em>ἐνεπίμπρασαν,</em></span> <span class='ocrx_word' id='word_1_146' title='bbox 1242 1266 1302 1300; x_wconf 88' lang='grc' dir='ltr'><em>ως</em></span> <span class='ocrx_word' id='word_1_147' title='bbox 1331 1249 1467 1308; x_wconf 83' lang='grc' dir='ltr'><em>μηδὲν</em></span> <span class='ocrx_word' id='word_1_148' title='bbox 1498 1249 1545 1301; x_wconf 82' lang='grc' dir='ltr'><em>εξ</em></span> <span class='ocrx_word' id='word_1_149' title='bbox 1574 1245 1718 1294; x_wconf 73' lang='grc' dir='ltr'><em>αὐτῶν</em></span> <span class='ocrx_word' id='word_1_150' title='bbox 1749 1250 1946 1309; x_wconf 85' lang='grc' dir='ltr'><em>λάφυρον</em></span> <span class='ocrx_word' id='word_1_151' title='bbox 1997 1259 2011 1268; x_wconf 81' lang='grc'><strong>“</strong></span> 
     </span>
    </p>
   </div>
   <div class='ocr_carea' id='block_1_10' title="bbox 275 1311 1946 1850">
    <p class='ocr_par' dir='ltr' id='par_1_10' title="bbox 275 1311 1946 1781">
     <span class='ocr_line' id='line_1_23' title="bbox 279 1311 1946 1375; baseline 0.004 -19"><span class='ocrx_word' id='word_1_152' title='bbox 279 1311 393 1357; x_wconf 78' lang='grc' dir='ltr'><em>εἶναι</em></span> <span class='ocrx_word' id='word_1_153' title='bbox 423 1323 517 1365; x_wconf 90' lang='grc' dir='ltr'><em>τοῖς</em></span> <span class='ocrx_word' id='word_1_154' title='bbox 547 1316 783 1370; x_wconf 79' lang='grc' dir='ltr'><em>πολεμίοις</em></span> <span class='ocrx_word' id='word_1_155' title='bbox 815 1317 976 1371; x_wconf 84' lang='grc' dir='ltr'><em>λαβεῖν.</em></span> <span class='ocrx_word' id='word_1_156' title='bbox 1039 1333 1082 1360; x_wconf 94' lang='grc' dir='ltr'><em>οι</em></span> <span class='ocrx_word' id='word_1_157' title='bbox 1114 1317 1161 1360; x_wconf 82' lang='grc' dir='ltr'><em>δὲ</em></span> <span class='ocrx_word' id='word_1_158' title='bbox 1191 1320 1266 1362; x_wconf 86' lang='grc' dir='ltr'><em>καὶ</em></span> <span class='ocrx_word' id='word_1_159' title='bbox 1295 1320 1383 1361; x_wconf 83' lang='grc' dir='ltr'><em>τῶν</em></span> <span class='ocrx_word' id='word_1_160' title='bbox 1411 1321 1572 1361; x_wconf 84' lang='grc' dir='ltr'><em>τέκνων</em></span> <span class='ocrx_word' id='word_1_161' title='bbox 1593 1320 1667 1362; x_wconf 85' lang='grc' dir='ltr'><em>καὶ</em></span> <span class='ocrx_word' id='word_1_162' title='bbox 1687 1320 1775 1361; x_wconf 84' lang='grc' dir='ltr'><em>τῶν</em></span> <span class='ocrx_word' id='word_1_163' title='bbox 1795 1335 1946 1375; x_wconf 79' lang='grc' dir='ltr'><em>γυναι-</em></span> 
     </span>
     <span class='ocr_line' id='line_1_24' title="bbox 277 1377 1946 1442; baseline 0.003 -19"><span class='ocrx_word' id='word_1_164' title='bbox 277 1383 363 1424; x_wconf 80' lang='grc' dir='ltr'><em>κιῦν</em></span> <span class='ocrx_word' id='word_1_165' title='bbox 396 1377 645 1438; x_wconf 86' lang='grc' dir='ltr'><em>αυτόχειρες</em></span> <span class='ocrx_word' id='word_1_166' title='bbox 677 1382 873 1440; x_wconf 75' lang='grc' dir='ltr'><em>ἐγένοντο</em></span> <span class='ocrx_word' id='word_1_167' title='bbox 903 1387 982 1441; x_wconf 82' lang='grc' dir='ltr'><em>τῆς</em></span> <span class='ocrx_word' id='word_1_168' title='bbox 1011 1382 1100 1428; x_wconf 82' lang='grc' dir='ltr'><em>υπὸ</em></span> <span class='ocrx_word' id='word_1_169' title='bbox 1133 1394 1227 1436; x_wconf 92' lang='grc' dir='ltr'><em>τοῖς</em></span> <span class='ocrx_word' id='word_1_170' title='bbox 1249 1385 1427 1442; x_wconf 88' lang='grc' dir='ltr'><em>εχθροῑς</em></span> <span class='ocrx_word' id='word_1_171' title='bbox 1449 1381 1561 1429; x_wconf 82' lang='grc' dir='ltr'><em>αυτὰ</em></span> <span class='ocrx_word' id='word_1_172' title='bbox 1583 1386 1785 1437; x_wconf 91' lang='grc' dir='ltr'><em>δουλείας</em></span> <span class='ocrx_word' id='word_1_173' title='bbox 1807 1381 1946 1438; x_wconf 87' lang='grc' dir='ltr'><em>ου’τως</em></span> 
     </span>
     <span class='ocr_line' id='line_1_25' title="bbox 279 1444 1945 1511; baseline 0.004 -20"><span class='ocrx_word' id='word_1_174' title='bbox 279 1444 580 1494; x_wconf 73' lang='grc' dir='ltr'><em>ἀπαλλάττειν</em></span> <span class='ocrx_word' id='word_1_175' title='bbox 610 1447 943 1508; x_wconf 74' lang='grc' dir='ltr'><em>ἠναγκασμένοι.</em></span> <span class='ocrx_word' id='word_1_176' title='bbox 994 1455 1082 1496; x_wconf 75' lang='grc' dir='ltr'><em>τῶν</em></span> <span class='ocrx_word' id='word_1_177' title='bbox 1105 1452 1152 1496; x_wconf 81' lang='grc' dir='ltr'><em>δὲ</em></span> <span class='ocrx_word' id='word_1_178' title='bbox 1171 1455 1418 1508; x_wconf 87' lang='grc' dir='ltr'><em>βουλευτων</em></span> <span class='ocrx_word' id='word_1_179' title='bbox 1447 1453 1559 1511; x_wconf 73' lang='grc' dir='ltr'><em>ἦσαν</em></span> <span class='ocrx_word' id='word_1_180' title='bbox 1589 1471 1633 1498; x_wconf 94' lang='grc' dir='ltr'><em>οι</em></span> <span class='ocrx_word' id='word_1_181' title='bbox 1653 1453 1818 1505; x_wconf 90' lang='grc' dir='ltr'><em>πάντες</em></span> <span class='ocrx_word' id='word_1_182' title='bbox 1838 1469 1945 1497; x_wconf 87' lang='grc' dir='ltr'><em>πεν-</em></span> 
     </span>
     <span class='ocr_line' id='line_1_26' title="bbox 275 1517 1945 1578; baseline 0.003 -19"><span class='ocrx_word' id='word_1_183' title='bbox 275 1517 479 1562; x_wconf 83' lang='grc' dir='ltr'><em>τακόσιοι</em></span> <span class='ocrx_word' id='word_1_184' title='bbox 510 1519 813 1575; x_wconf 81' lang='grc' dir='ltr'><em>συμφυγόντες</em></span> <span class='ocrx_word' id='word_1_185' title='bbox 844 1520 907 1572; x_wconf 84' lang='grc' dir='ltr'><em>εἷς</em></span> <span class='ocrx_word' id='word_1_186' title='bbox 936 1519 985 1564; x_wconf 86' lang='grc' dir='ltr'><em>τὸ</em></span> <span class='ocrx_word' id='word_1_187' title='bbox 1018 1523 1098 1565; x_wconf 82' lang='grc' dir='ltr'><em>τοῦ</em></span> <span class='ocrx_word' id='word_1_188' title='bbox 1116 1517 1444 1573; x_wconf 61' lang='grc' dir='ltr'><em>Λπόλλωνος(</em></span> <span class='ocrx_word' id='word_1_189' title='bbox 1429 1521 1566 1578; x_wconf 89' lang='grc' dir='ltr'><em>ιερόν·</em></span> <span class='ocrx_word' id='word_1_190' title='bbox 1599 1522 1945 1578; x_wconf 86' lang='grc' dir='ltr'><em>συνεδρευόντων</em></span> 
     </span>
     <span class='ocr_line' id='line_1_27' title="bbox 275 1584 1945 1647; baseline 0.004 -20"><span class='ocrx_word' id='word_1_191' title='bbox 275 1584 356 1641; x_wconf 77' lang='grc' dir='ltr'><em>γὰρ</em></span> <span class='ocrx_word' id='word_1_192' title='bbox 387 1585 466 1644; x_wconf 87' lang='grc' dir='ltr'><em>τὴν</em></span> <span class='ocrx_word' id='word_1_193' title='bbox 498 1586 709 1631; x_wconf 74' lang='grc' dir='ltr'><em>ἐπίθεσιν</em></span> <span class='ocrx_word' id='word_1_194' title='bbox 741 1591 897 1646; x_wconf 83' lang='grc' dir='ltr'><em>συνέβη</em></span> <span class='ocrx_word' id='word_1_195' title='bbox 937 1592 1171 1645; x_wconf 78' lang='grc' dir='ltr'><em>γενέσθαι·</em></span> <span class='ocrx_word' id='word_1_196' title='bbox 1212 1586 1235 1633; x_wconf 77' lang='grc' dir='ltr'><em>ὃ</em></span> <span class='ocrx_word' id='word_1_197' title='bbox 1277 1590 1324 1633; x_wconf 82' lang='grc' dir='ltr'><em>δὲ</em></span> <span class='ocrx_word' id='word_1_198' title='bbox 1355 1585 1641 1647; x_wconf 78' lang='grc' dir='ltr'><em>Ἀλέξανδρος</em></span> <span class='ocrx_word' id='word_1_199' title='bbox 1677 1589 1859 1641; x_wconf 84' lang='grc' dir='ltr'><em>τούτους</em></span> <span class='ocrx_word' id='word_1_200' title='bbox 1897 1606 1945 1633; x_wconf 87' lang='grc' dir='ltr'><em>τε</em></span> 
     </span>
     <span class='ocr_line' id='line_1_28' title="bbox 277 1649 1943 1714; baseline 0.004 -18"><span class='ocrx_word' id='word_1_201' title='bbox 277 1649 452 1710; x_wconf 75' lang='grc' dir='ltr'><em>ἀναιρεῖ</em></span> <span class='ocrx_word' id='word_1_202' title='bbox 478 1656 550 1698; x_wconf 78' lang='grc' dir='ltr'><em>καὶ</em></span> <span class='ocrx_word' id='word_1_203' title='bbox 581 1655 660 1714; x_wconf 73' lang='grc' dir='ltr'><em>τὴν</em></span> <span class='ocrx_word' id='word_1_204' title='bbox 690 1656 824 1700; x_wconf 90' lang='grc' dir='ltr'><em>πόλιν</em></span> <span class='ocrx_word' id='word_1_205' title='bbox 857 1652 1006 1708; x_wconf 75' lang='grc' dir='ltr'><em>αὐτοῖς</em></span> <span class='ocrx_word' id='word_1_206' title='bbox 1038 1656 1409 1714; x_wconf 73' lang='grc' dir='ltr'><em>ἐπικατασκάψας</em></span> <span class='ocrx_word' id='word_1_207' title='bbox 1436 1655 1716 1714; x_wconf 74' lang='grc' dir='ltr'><em>ὑπέστρεψεν</em></span> <span class='ocrx_word' id='word_1_208' title='bbox 1736 1657 1800 1709; x_wconf 84' lang='grc' dir='ltr'><em>εἷς</em></span> <span class='ocrx_word' id='word_1_209' title='bbox 1816 1655 1943 1714; x_wconf 85' lang='grc' dir='ltr'><em>Ἱερο-</em></span> 
     </span>
     <span class='ocr_line' id='line_1_29' title="bbox 277 1721 1012 1781; baseline 0.008 -18"><span class='ocrx_word' id='word_1_210' title='bbox 277 1721 448 1777; x_wconf 88' lang='grc' dir='ltr'><em>σόλυμα</em></span> <span class='ocrx_word' id='word_1_211' title='bbox 480 1722 668 1780; x_wconf 76' lang='grc' dir='ltr'><em>ἐνιαυτῷ</em></span> <span class='ocrx_word' id='word_1_212' title='bbox 698 1725 1012 1781; x_wconf 77' lang='grc' dir='ltr'><em>πολιορκήσας.</em></span> 
     </span>
    </p>

    <p class='ocr_par' dir='ltr' id='par_1_11' title="bbox 391 1787 1944 1850">
     <span class='ocr_line' id='line_1_30' title="bbox 391 1787 1944 1850; baseline 0.002 -17"><span class='ocrx_word' id='word_1_213' title='bbox 391 1795 429 1833; x_wconf 89' lang='grc'><em>4.</em></span> <span class='ocrx_word' id='word_1_214' title='bbox 459 1788 564 1834; x_wconf 79' lang='grc' dir='ltr'><em>Ὑπὸ</em></span> <span class='ocrx_word' id='word_1_215' title='bbox 597 1790 675 1835; x_wconf 85' lang='grc' dir='ltr'><em>τὸν</em></span> <span class='ocrx_word' id='word_1_216' title='bbox 706 1787 839 1836; x_wconf 70' lang='grc' dir='ltr'><em>αὐτὸν</em></span> <span class='ocrx_word' id='word_1_217' title='bbox 871 1793 918 1836; x_wconf 82' lang='grc' dir='ltr'><em>δὲ</em></span> <span class='ocrx_word' id='word_1_218' title='bbox 948 1796 1104 1837; x_wconf 78' lang='grc' dir='ltr'><em>τοῦτον</em></span> <span class='ocrx_word' id='word_1_219' title='bbox 1125 1793 1278 1850; x_wconf 78' lang='grc' dir='ltr'><em>καιρὸν</em></span> <span class='ocrx_word' id='word_1_220' title='bbox 1299 1795 1372 1837; x_wconf 82' lang='grc' dir='ltr'><em>καὶ</em></span> <span class='ocrx_word' id='word_1_221' title='bbox 1392 1789 1615 1848; x_wconf 75' lang='grc' dir='ltr'><em>Ἀντίοχος</em></span> <span class='ocrx_word' id='word_1_222' title='bbox 1635 1790 1658 1836; x_wconf 81' lang='grc' dir='ltr'>ὅ</span> <span class='ocrx_word' id='word_1_223' title='bbox 1683 1792 1944 1850; x_wconf 77' lang='grc' dir='ltr'><em>ἐπικληθεὶς</em></span> 
     </span>
    </p>
   </div>
   <div class='ocr_carea' id='block_1_11' title="bbox 274 1936 1943 2667">
    <p class='ocr_par' dir='ltr' id='par_1_12' title="bbox 388 1936 754 1973">
     <span class='ocr_line' id='line_1_31' title="bbox 388 1936 754 1973; baseline 0.008 -3"><span class='ocrx_word' id='word_1_224' title='bbox 388 1936 673 1973; x_wconf 86' lang='lat' dir='ltr'><strong>PFLAMVWE</strong></span> <span class='ocrx_word' id='word_1_225' title='bbox 683 1939 754 1973; x_wconf 85' lang='lat' dir='ltr'><em>Lat</em></span> 
     </span>
    </p>

    <p class='ocr_par' dir='ltr' id='par_1_13' title="bbox 274 1993 1943 2667">
     <span class='ocr_line' id='line_1_32' title="bbox 390 1993 1854 2041; baseline 0.001 -13"><span class='ocrx_word' id='word_1_226' title='bbox 390 1996 408 2028; x_wconf 90' lang='lat'><strong>2</strong></span> <span class='ocrx_word' id='word_1_227' title='bbox 434 1994 614 2038; x_wconf 82' lang='grc' dir='ltr'><em>*χιλίους]</em></span> <span class='ocrx_word' id='word_1_228' title='bbox 640 1997 846 2041; x_wconf 82' lang='grc' dir='ltr'><em>δισχιλίουσ</em></span> <span class='ocrx_word' id='word_1_229' title='bbox 869 1996 916 2031; x_wconf 92' lang='lat' dir='ltr'>W</span> <span class='ocrx_word' id='word_1_230' title='bbox 1063 2001 1084 2032; x_wconf 78' lang='lat'>4</span> <span class='ocrx_word' id='word_1_231' title='bbox 1110 1993 1263 2034; x_wconf 78' lang='grc' dir='ltr'><em>ὁτοιοῦν</em></span> <span class='ocrx_word' id='word_1_232' title='bbox 1287 1997 1335 2032; x_wconf 89' lang='lat' dir='ltr'>W</span> <span class='ocrx_word' id='word_1_233' title='bbox 1478 1999 1556 2033; x_wconf 81' lang='grc' dir='ltr'><em>τῶν</em></span> <span class='ocrx_word' id='word_1_234' title='bbox 1580 1997 1774 2041; x_wconf 79' lang='grc' dir='ltr'><em>πολεμίων</em></span> <span class='ocrx_word' id='word_1_235' title='bbox 1798 1995 1854 2030; x_wconf 69' lang='grc' dir='ltr'><em>Μι</em></span> 
     </span>
     <span class='ocr_line' id='line_1_33' title="bbox 276 2048 1852 2100; baseline 0.003 -14"><span class='ocrx_word' id='word_1_236' title='bbox 276 2053 295 2084; x_wconf 84' lang='grc'>5</span> <span class='ocrx_word' id='word_1_237' title='bbox 326 2052 623 2097; x_wconf 69' lang='grc' dir='ltr'><em>*προσεπίγειρε</em></span> <span class='ocrx_word' id='word_1_238' title='bbox 655 2052 688 2086; x_wconf 89' lang='lat' dir='ltr'><strong>V</strong></span> <span class='ocrx_word' id='word_1_239' title='bbox 831 2048 868 2089; x_wconf 77' lang='grc' dir='ltr'><em>δ’</em></span> <span class='ocrx_word' id='word_1_240' title='bbox 894 2063 960 2088; x_wconf 93' lang='lat' dir='ltr'><em>om.</em></span> <span class='ocrx_word' id='word_1_241' title='bbox 996 2053 1029 2088; x_wconf 90' lang='lat' dir='ltr'><strong>E</strong></span> <span class='ocrx_word' id='word_1_242' title='bbox 1182 2055 1412 2100; x_wconf 73' lang='grc' dir='ltr'><em>προθυμίαν]</em></span> <span class='ocrx_word' id='word_1_243' title='bbox 1448 2049 1632 2099; x_wconf 70' lang='grc' dir='ltr'><em>εὖψυχίαν</em></span> <span class='ocrx_word' id='word_1_244' title='bbox 1661 2052 1852 2087; x_wconf 87' lang='lat' dir='ltr'>LAMWE</span> 
     </span>
     <span class='ocr_line' id='line_1_34' title="bbox 279 2105 1943 2157; baseline 0.001 -15"><span class='ocrx_word' id='word_1_245' title='bbox 279 2110 298 2142; x_wconf 90' lang='lat'>6</span> <span class='ocrx_word' id='word_1_246' title='bbox 324 2107 527 2150; x_wconf 80' lang='grc' dir='ltr'><em>*ἐπίδοξος</em></span> <span class='ocrx_word' id='word_1_247' title='bbox 551 2127 594 2133; x_wconf 88' lang='lat'>—</span> <span class='ocrx_word' id='word_1_248' title='bbox 619 2105 828 2155; x_wconf 66' lang='grc' dir='ltr'><em>σύμμαχος]</em></span> <span class='ocrx_word' id='word_1_249' title='bbox 859 2110 1112 2156; x_wconf 74' lang='lat' dir='ltr'><em>maqnauimus</em></span> <span class='ocrx_word' id='word_1_250' title='bbox 1143 2111 1201 2145; x_wconf 80' lang='lat' dir='ltr'><em>uir</em></span> <span class='ocrx_word' id='word_1_251' title='bbox 1229 2111 1291 2156; x_wconf 77' lang='lat' dir='ltr'><em>qui</em></span> <span class='ocrx_word' id='word_1_252' title='bbox 1314 2110 1531 2157; x_wconf 75' lang='lat' dir='ltr'><em>sperabatur</em></span> <span class='ocrx_word' id='word_1_253' title='bbox 1556 2111 1591 2145; x_wconf 75' lang='lat' dir='ltr'><em>iu</em></span> <span class='ocrx_word' id='word_1_254' title='bbox 1617 2109 1796 2145; x_wconf 69' lang='lat' dir='ltr'><em>auxilium</em></span> <span class='ocrx_word' id='word_1_255' title='bbox 1820 2119 1943 2144; x_wconf 84' lang='lat' dir='ltr'><em>eorum</em></span> 
     </span>
     <span class='ocr_line' id='line_1_35' title="bbox 276 2158 1898 2213; baseline 0.001 -15"><span class='ocrx_word' id='word_1_256' title='bbox 276 2168 452 2199; x_wconf 79' lang='lat' dir='ltr'><em>uenturus</em></span> <span class='ocrx_word' id='word_1_257' title='bbox 475 2165 547 2200; x_wconf 83' lang='lat' dir='ltr'><em>Lat</em></span> <span class='ocrx_word' id='word_1_258' title='bbox 614 2158 717 2210; x_wconf 68' lang='grc' dir='ltr'><em>ἥκειν</em></span> <span class='ocrx_word' id='word_1_259' title='bbox 737 2166 769 2200; x_wconf 86' lang='grc' dir='ltr'><strong>Ε</strong></span> <span class='ocrx_word' id='word_1_260' title='bbox 840 2163 1076 2213; x_wconf 73' lang='grc' dir='ltr'><em>*σύμμαχος]</em></span> <span class='ocrx_word' id='word_1_261' title='bbox 1102 2165 1303 2213; x_wconf 71' lang='grc' dir='ltr'><em>σύμμαχοσ</em></span> <span class='ocrx_word' id='word_1_262' title='bbox 1326 2164 1651 2213; x_wconf 73' lang='grc' dir='ltr'><em>ἐπαγγειλάμενοσ</em></span> <span class='ocrx_word' id='word_1_263' title='bbox 1676 2166 1705 2200; x_wconf 93' lang='lat' dir='ltr'><strong>F</strong></span> <span class='ocrx_word' id='word_1_264' title='bbox 1708 2165 1898 2201; x_wconf 80' lang='lat' dir='ltr'>LAMVW</span> 
     </span>
     <span class='ocr_line' id='line_1_36' title="bbox 279 2216 1897 2270; baseline 0.001 -14"><span class='ocrx_word' id='word_1_265' title='bbox 279 2225 296 2255; x_wconf 76' lang='grc' dir='ltr'>ἶ</span> <span class='ocrx_word' id='word_1_266' title='bbox 324 2216 620 2258; x_wconf 83' lang='grc' dir='ltr'><em>*ιῖπολλότοδον</em></span> <span class='ocrx_word' id='word_1_267' title='bbox 644 2222 691 2256; x_wconf 90' lang='lat' dir='ltr'>W</span> <span class='ocrx_word' id='word_1_268' title='bbox 759 2219 810 2259; x_wconf 81' lang='grc' dir='ltr'><em>*ὁ</em></span> <span class='ocrx_word' id='word_1_269' title='bbox 837 2218 1006 2270; x_wconf 75' lang='grc' dir='ltr'><em>α’δελφὸσ</em></span> <span class='ocrx_word' id='word_1_270' title='bbox 1030 2223 1249 2259; x_wconf 83' lang='lat' dir='ltr'><strong>FLAMVW</strong></span> <span class='ocrx_word' id='word_1_271' title='bbox 1322 2226 1340 2258; x_wconf 72' lang='lat' dir='ltr'>S</span> <span class='ocrx_word' id='word_1_272' title='bbox 1367 2220 1673 2270; x_wconf 65' lang='lat' dir='ltr'><em>*;1]2.wrvnd›vL</em></span> <span class='ocrx_word' id='word_1_273' title='bbox 1744 2218 1897 2260; x_wconf 79' lang='grc' dir='ltr'><em>αὖτῶΕ</em></span> 
     </span>
     <span class='ocr_line' id='line_1_37' title="bbox 278 2274 1896 2327; baseline 0.003 -14"><span class='ocrx_word' id='word_1_274' title='bbox 278 2280 373 2325; x_wconf 65' lang='grc' dir='ltr'><em>*τῷ]</em></span> <span class='ocrx_word' id='word_1_275' title='bbox 390 2274 435 2314; x_wconf 85' lang='grc' dir='ltr'><em>τὸ</em></span> <span class='ocrx_word' id='word_1_276' title='bbox 453 2277 535 2313; x_wconf 89' lang='lat' dir='ltr'><em>LW</em></span> <span class='ocrx_word' id='word_1_277' title='bbox 605 2283 624 2314; x_wconf 87' lang='grc'>9</span> <span class='ocrx_word' id='word_1_278' title='bbox 648 2277 844 2316; x_wconf 79' lang='grc' dir='ltr'><em>ἐκδίδωσιν</em></span> <span class='ocrx_word' id='word_1_279' title='bbox 860 2279 960 2315; x_wconf 84' lang='lat' dir='ltr'><em>FVE</em></span> <span class='ocrx_word' id='word_1_280' title='bbox 979 2280 1146 2326; x_wconf 77' lang='lat' dir='ltr'><em>prodidit</em></span> <span class='ocrx_word' id='word_1_281' title='bbox 1162 2279 1232 2315; x_wconf 83' lang='lat' dir='ltr'><em>Lat</em></span> <span class='ocrx_word' id='word_1_282' title='bbox 1304 2283 1343 2314; x_wconf 72' lang='lat'><em>10</em></span> <span class='ocrx_word' id='word_1_283' title='bbox 1369 2280 1433 2316; x_wconf 76' lang='grc' dir='ltr'><em>*δὲ</em></span> <span class='ocrx_word' id='word_1_284' title='bbox 1450 2280 1603 2314; x_wconf 88' lang='lat' dir='ltr'><em>LAMW</em></span> <span class='ocrx_word' id='word_1_285' title='bbox 1674 2277 1835 2327; x_wconf 79' lang='grc' dir='ltr'><em>*ἧρεμεῖ</em></span> <span class='ocrx_word' id='word_1_286' title='bbox 1850 2278 1896 2314; x_wconf 88' lang='lat' dir='ltr'>W</span> 
     </span>
     <span class='ocr_line' id='line_1_38' title="bbox 276 2334 1943 2384; baseline 0.002 -14"><span class='ocrx_word' id='word_1_287' title='bbox 276 2337 442 2376; x_wconf 78' lang='grc' dir='ltr'><em>*ταῦτα,</em></span> <span class='ocrx_word' id='word_1_288' title='bbox 472 2349 496 2371; x_wconf 90' lang='grc' dir='ltr'><em>α</em></span> <span class='ocrx_word' id='word_1_289' title='bbox 526 2334 632 2370; x_wconf 86' lang='lat' dir='ltr'><strong>finale</strong></span> <span class='ocrx_word' id='word_1_290' title='bbox 660 2335 684 2371; x_wconf 91' lang='lat' dir='ltr'><em>i.</em></span> <span class='ocrx_word' id='word_1_291' title='bbox 710 2346 781 2371; x_wconf 82' lang='lat' dir='ltr'>ras.</span> <span class='ocrx_word' id='word_1_292' title='bbox 807 2337 840 2370; x_wconf 96' lang='lat' dir='ltr'><em>A</em></span> <span class='ocrx_word' id='word_1_293' title='bbox 980 2340 1016 2372; x_wconf 91' lang='lat'><em>11</em></span> <span class='ocrx_word' id='word_1_294' title='bbox 1053 2335 1243 2383; x_wconf 79' lang='grc' dir='ltr'><em>*ἐπαφίκε</em></span> <span class='ocrx_word' id='word_1_295' title='bbox 1275 2336 1304 2370; x_wconf 91' lang='lat' dir='ltr'>L</span> <span class='ocrx_word' id='word_1_296' title='bbox 1450 2335 1699 2383; x_wconf 76' lang='grc' dir='ltr'><em>*ἐπιτρέψας]</em></span> <span class='ocrx_word' id='word_1_297' title='bbox 1730 2335 1943 2384; x_wconf 80' lang='grc' dir='ltr'><em>ἐπιτρέψασ</em></span> 
     </span>
     <span class='ocr_line' id='line_1_39' title="bbox 275 2389 1943 2441; baseline 0.003 -14"><span class='ocrx_word' id='word_1_298' title='bbox 275 2398 359 2428; x_wconf 88' lang='grc' dir='ltr'><em>τοῐσ</em></span> <span class='ocrx_word' id='word_1_299' title='bbox 384 2394 454 2438; x_wconf 85' lang='grc' dir='ltr'><em>τῆσ</em></span> <span class='ocrx_word' id='word_1_300' title='bbox 478 2389 624 2435; x_wconf 78' lang='grc' dir='ltr'><em>τάξεωσ</em></span> <span class='ocrx_word' id='word_1_301' title='bbox 647 2391 676 2426; x_wconf 90' lang='grc' dir='ltr'>Ρ</span> <span class='ocrx_word' id='word_1_302' title='bbox 796 2395 850 2441; x_wconf 15' lang='grc'><em>712</em></span> <span class='ocrx_word' id='word_1_303' title='bbox 874 2389 1061 2440; x_wconf 75' lang='grc' dir='ltr'><em>*ιῖλλαχῆι</em></span> <span class='ocrx_word' id='word_1_304' title='bbox 1085 2395 1116 2428; x_wconf 89' lang='grc' dir='ltr'><strong>Α</strong></span> <span class='ocrx_word' id='word_1_305' title='bbox 1254 2390 1487 2439; x_wconf 71' lang='grc' dir='ltr'><em>τραπόμενοι</em></span> <span class='ocrx_word' id='word_1_306' title='bbox 1515 2393 1581 2427; x_wconf 80' lang='lat' dir='ltr'><em>VE</em></span> <span class='ocrx_word' id='word_1_307' title='bbox 1726 2398 1764 2429; x_wconf 89' lang='lat'><em>13</em></span> <span class='ocrx_word' id='word_1_308' title='bbox 1791 2390 1943 2441; x_wconf 81' lang='grc' dir='ltr'><em>α’γενεῖσ</em></span> 
     </span>
     <span class='ocr_line' id='line_1_40' title="bbox 274 2446 1897 2497; baseline 0.003 -16"><span class='ocrx_word' id='word_1_309' title='bbox 274 2448 320 2482; x_wconf 89' lang='lat' dir='ltr'>W</span> <span class='ocrx_word' id='word_1_310' title='bbox 394 2451 434 2482; x_wconf 76' lang='lat'><em>14</em></span> <span class='ocrx_word' id='word_1_311' title='bbox 458 2446 644 2485; x_wconf 80' lang='grc' dir='ltr'><em>ἐλάττουσ</em></span> <span class='ocrx_word' id='word_1_312' title='bbox 666 2448 856 2484; x_wconf 86' lang='lat' dir='ltr'><em>LAMWE</em></span> <span class='ocrx_word' id='word_1_313' title='bbox 952 2453 991 2483; x_wconf 83' lang='lat'><em>15</em></span> <span class='ocrx_word' id='word_1_314' title='bbox 1018 2447 1343 2497; x_wconf 79' lang='grc' dir='ltr'><em>*ἐνεπήμπρασαν</em></span> <span class='ocrx_word' id='word_1_315' title='bbox 1366 2449 1426 2483; x_wconf 85' lang='lat' dir='ltr'><em>PL</em></span> <span class='ocrx_word' id='word_1_316' title='bbox 1519 2447 1560 2492; x_wconf 77' lang='grc' dir='ltr'><em>ἐξ</em></span> <span class='ocrx_word' id='word_1_317' title='bbox 1582 2460 1650 2485; x_wconf 89' lang='lat' dir='ltr'><em>om.</em></span> <span class='ocrx_word' id='word_1_318' title='bbox 1676 2449 1897 2486; x_wconf 87' lang='lat' dir='ltr'>FLAMVW</span> 
     </span>
     <span class='ocr_line' id='line_1_41' title="bbox 278 2502 1941 2554; baseline 0.004 -16"><span class='ocrx_word' id='word_1_319' title='bbox 278 2508 318 2539; x_wconf 79' lang='lat' dir='ltr'><em>1ss</em></span> <span class='ocrx_word' id='word_1_320' title='bbox 343 2502 436 2541; x_wconf 77' lang='grc' dir='ltr'><em>τοὺσ</em></span> <span class='ocrx_word' id='word_1_321' title='bbox 461 2506 672 2549; x_wconf 77' lang='grc' dir='ltr'><em>πολεμίουσ</em></span> <span class='ocrx_word' id='word_1_322' title='bbox 695 2505 728 2540; x_wconf 89' lang='lat' dir='ltr'><strong>V</strong></span> <span class='ocrx_word' id='word_1_323' title='bbox 821 2509 899 2543; x_wconf 79' lang='grc' dir='ltr'><em>τῶν</em></span> <span class='ocrx_word' id='word_1_324' title='bbox 923 2509 1020 2546; x_wconf 82' lang='lat' dir='ltr'>(ante</span> <span class='ocrx_word' id='word_1_325' title='bbox 1037 2509 1235 2554; x_wconf 75' lang='grc' dir='ltr'><em>γυναικῶν)</em></span> <span class='ocrx_word' id='word_1_326' title='bbox 1262 2517 1329 2541; x_wconf 90' lang='lat' dir='ltr'><em>om.</em></span> <span class='ocrx_word' id='word_1_327' title='bbox 1350 2505 1604 2541; x_wconf 81' lang='lat' dir='ltr'><strong>FLAMVWE</strong></span> <span class='ocrx_word' id='word_1_328' title='bbox 1702 2510 1739 2542; x_wconf 73' lang='lat'><em>17</em></span> <span class='ocrx_word' id='word_1_329' title='bbox 1765 2505 1941 2554; x_wconf 78' lang='grc' dir='ltr'><em>ἐγίνοντο</em></span> 
     </span>
     <span class='ocr_line' id='line_1_42' title="bbox 275 2558 1941 2608; baseline 0.002 -12"><span class='ocrx_word' id='word_1_330' title='bbox 275 2561 529 2596; x_wconf 84' lang='lat' dir='ltr'><strong>FLAMVWE</strong></span> <span class='ocrx_word' id='word_1_331' title='bbox 623 2564 698 2608; x_wconf 82' lang='grc' dir='ltr'><em>τῆς]</em></span> <span class='ocrx_word' id='word_1_332' title='bbox 724 2569 809 2599; x_wconf 91' lang='grc' dir='ltr'><em>τοῖσ</em></span> <span class='ocrx_word' id='word_1_333' title='bbox 832 2562 949 2598; x_wconf 84' lang='lat' dir='ltr'><em>LWE</em></span> <span class='ocrx_word' id='word_1_334' title='bbox 1041 2559 1149 2605; x_wconf 63' lang='grc' dir='ltr'><em>αὐτὰ]</em></span> <span class='ocrx_word' id='word_1_335' title='bbox 1175 2559 1299 2600; x_wconf 80' lang='grc' dir='ltr'><em>αὐτῶν</em></span> <span class='ocrx_word' id='word_1_336' title='bbox 1323 2562 1508 2597; x_wconf 81' lang='lat' dir='ltr'>FLAMW</span> <span class='ocrx_word' id='word_1_337' title='bbox 1534 2558 1676 2599; x_wconf 72' lang='grc' dir='ltr'><em>αὕτοὺσ</em></span> <span class='ocrx_word' id='word_1_338' title='bbox 1698 2562 1764 2598; x_wconf 86' lang='lat' dir='ltr'><em>VE</em></span> <span class='ocrx_word' id='word_1_339' title='bbox 1835 2566 1941 2600; x_wconf 84' lang='grc' dir='ltr'><em>*δου-</em></span> 
     </span>
     <span class='ocr_line' id='line_1_43' title="bbox 274 2614 1942 2667; baseline 0.002 -14"><span class='ocrx_word' id='word_1_340' title='bbox 274 2620 387 2661; x_wconf 61' lang='grc' dir='ltr'><em>λείας]</em></span> <span class='ocrx_word' id='word_1_341' title='bbox 413 2619 556 2654; x_wconf 56' lang='lat' dir='ltr'><em>delatae</em></span> <span class='ocrx_word' id='word_1_342' title='bbox 579 2618 607 2653; x_wconf 88' lang='grc' dir='ltr'>Ρ</span> <span class='ocrx_word' id='word_1_343' title='bbox 748 2622 788 2654; x_wconf 85' lang='grc'><em>18</em></span> <span class='ocrx_word' id='word_1_344' title='bbox 813 2614 1046 2657; x_wconf 78' lang='grc' dir='ltr'><em>άπαλάττειν</em></span> <span class='ocrx_word' id='word_1_345' title='bbox 1069 2619 1150 2654; x_wconf 83' lang='lat' dir='ltr'><em>FE¹</em></span> <span class='ocrx_word' id='word_1_346' title='bbox 1286 2623 1392 2656; x_wconf 80' lang='grc' dir='ltr'><em>*τῶν</em></span> <span class='ocrx_word' id='word_1_347' title='bbox 1417 2620 1453 2656; x_wconf 76' lang='grc' dir='ltr'><em>δὲ</em></span> <span class='ocrx_word' id='word_1_348' title='bbox 1471 2641 1513 2646; x_wconf 88' lang='grc'>-</span> <span class='ocrx_word' id='word_1_349' title='bbox 1539 2622 1579 2655; x_wconf 84' lang='grc'><em>21</em></span> <span class='ocrx_word' id='word_1_350' title='bbox 1607 2615 1766 2667; x_wconf 79' lang='grc' dir='ltr'><em>α’ναιρεῖ]</em></span> <span class='ocrx_word' id='word_1_351' title='bbox 1790 2631 1942 2667; x_wconf 78' lang='lat' dir='ltr'><strong><em>cumque</em></strong></span> 
     </span>
    </p>
   </div>
   <div class='ocr_carea' id='block_1_12' title="bbox 235 2674 1940 2724">
    <p class='ocr_par' dir='ltr' id='par_1_14' title="bbox 235 2674 1940 2724">
     <span class='ocr_line' id='line_1_44' title="bbox 235 2674 1940 2724; baseline 0.002 -14"><span class='ocrx_word' id='word_1_352' title='bbox 235 2687 237 2690; x_wconf 89' lang='lat'>·</span> <span class='ocrx_word' id='word_1_353' title='bbox 277 2675 307 2710; x_wconf 84' lang='lat' dir='ltr'><em>I)</em></span> <span class='ocrx_word' id='word_1_354' title='bbox 324 2686 373 2710; x_wconf 74' lang='lat' dir='ltr'><em>ex</em></span> <span class='ocrx_word' id='word_1_355' title='bbox 392 2674 614 2722; x_wconf 76' lang='lat' dir='ltr'><em>primatibus</em></span> <span class='ocrx_word' id='word_1_356' title='bbox 636 2686 759 2711; x_wconf 74' lang='lat' dir='ltr'><em>eorum</em></span> <span class='ocrx_word' id='word_1_357' title='bbox 784 2675 821 2710; x_wconf 83' lang='lat' dir='ltr'><em>in</em></span> <span class='ocrx_word' id='word_1_358' title='bbox 840 2676 972 2723; x_wconf 80' lang='lat' dir='ltr'><em>templo</em></span> <span class='ocrx_word' id='word_1_359' title='bbox 989 2677 1178 2723; x_wconf 79' lang='lat' dir='ltr'><em>Apollonis</em></span> <span class='ocrx_word' id='word_1_360' title='bbox 1194 2676 1458 2722; x_wconf 69' lang='lat' dir='ltr'><em>consuyissent,</em></span> <span class='ocrx_word' id='word_1_361' title='bbox 1483 2688 1636 2723; x_wconf 82' lang='lat' dir='ltr'><em>quorum</em></span> <span class='ocrx_word' id='word_1_362' title='bbox 1654 2686 1830 2712; x_wconf 74' lang='lat' dir='ltr'><em>consensu</em></span> <span class='ocrx_word' id='word_1_363' title='bbox 1848 2688 1940 2724; x_wconf 83' lang='lat' dir='ltr'><em>pro-</em></span> 
     </span>
    </p>
   </div>
   <div class='ocr_carea' id='block_1_13' title="bbox 271 2731 1941 3008">
    <p class='ocr_par' dir='ltr' id='par_1_15' title="bbox 271 2731 1941 3008">
     <span class='ocr_line' id='line_1_45' title="bbox 273 2731 1940 2780; baseline 0.002 -14"><span class='ocrx_word' id='word_1_364' title='bbox 273 2732 363 2767; x_wconf 80' lang='lat' dir='ltr'><em>ditio</em></span> <span class='ocrx_word' id='word_1_365' title='bbox 387 2734 493 2777; x_wconf 83' lang='lat' dir='ltr'><em>facta</em></span> <span class='ocrx_word' id='word_1_366' title='bbox 517 2735 609 2773; x_wconf 81' lang='lat' dir='ltr'><em>erat,</em></span> <span class='ocrx_word' id='word_1_367' title='bbox 635 2732 702 2767; x_wconf 76' lang='lat' dir='ltr'><em>hos</em></span> <span class='ocrx_word' id='word_1_368' title='bbox 726 2732 940 2769; x_wconf 77' lang='lat' dir='ltr'><em>abstrahens</em></span> <span class='ocrx_word' id='word_1_369' title='bbox 964 2733 1169 2769; x_wconf 78' lang='lat' dir='ltr'><em>aleaeander</em></span> <span class='ocrx_word' id='word_1_370' title='bbox 1194 2733 1325 2769; x_wconf 76' lang='lat' dir='ltr'><em>occt&#39;dit</em></span> <span class='ocrx_word' id='word_1_371' title='bbox 1348 2734 1419 2768; x_wconf 77' lang='lat' dir='ltr'><em>Lat</em></span> <span class='ocrx_word' id='word_1_372' title='bbox 1486 2736 1714 2780; x_wconf 75' lang='grc' dir='ltr'><em>βουλευτῶν]</em></span> <span class='ocrx_word' id='word_1_373' title='bbox 1738 2731 1940 2780; x_wconf 80' lang='grc' dir='ltr'><em>βουλευόν-</em></span> 
     </span>
     <span class='ocr_line' id='line_1_46' title="bbox 273 2785 1941 2837; baseline 0.002 -14"><span class='ocrx_word' id='word_1_374' title='bbox 273 2802 348 2824; x_wconf 78' lang='grc' dir='ltr'><em>των</em></span> <span class='ocrx_word' id='word_1_375' title='bbox 373 2789 400 2823; x_wconf 91' lang='grc' dir='ltr'>Ρ</span> <span class='ocrx_word' id='word_1_376' title='bbox 425 2791 642 2835; x_wconf 78' lang='grc' dir='ltr'><em>βουλευτῶν</em></span> <span class='ocrx_word' id='word_1_377' title='bbox 666 2787 703 2825; x_wconf 77' lang='grc' dir='ltr'><em>οἳ</em></span> <span class='ocrx_word' id='word_1_378' title='bbox 726 2789 915 2825; x_wconf 82' lang='lat' dir='ltr'><em>LAMWE</em></span> <span class='ocrx_word' id='word_1_379' title='bbox 996 2789 1074 2835; x_wconf 70' lang='lat'><strong>*021</strong></span> <span class='ocrx_word' id='word_1_380' title='bbox 1099 2801 1168 2826; x_wconf 91' lang='lat' dir='ltr'><em>om.</em></span> <span class='ocrx_word' id='word_1_381' title='bbox 1194 2790 1224 2824; x_wconf 83' lang='lat' dir='ltr'><strong>F</strong></span> <span class='ocrx_word' id='word_1_382' title='bbox 1249 2785 1283 2827; x_wconf 81' lang='grc' dir='ltr'><em>δ’</em></span> <span class='ocrx_word' id='word_1_383' title='bbox 1309 2789 1344 2826; x_wconf 77' lang='grc' dir='ltr'><em>οἱ</em></span> <span class='ocrx_word' id='word_1_384' title='bbox 1370 2790 1449 2825; x_wconf 91' lang='lat' dir='ltr'><strong>coni</strong></span> <span class='ocrx_word' id='word_1_385' title='bbox 1543 2793 1583 2824; x_wconf 74' lang='lat'><em>19</em></span> <span class='ocrx_word' id='word_1_386' title='bbox 1609 2788 1884 2837; x_wconf 65' lang='grc' dir='ltr'><em>συμφυγόντων</em></span> <span class='ocrx_word' id='word_1_387' title='bbox 1907 2790 1941 2826; x_wconf 89' lang='grc' dir='ltr'><strong>Ε</strong></span> 
     </span>
     <span class='ocr_line' id='line_1_47' title="bbox 272 2841 1894 2892; baseline 0.003 -14"><span class='ocrx_word' id='word_1_388' title='bbox 272 2849 369 2879; x_wconf 75' lang='lat' dir='ltr'><strong>recte</strong></span> <span class='ocrx_word' id='word_1_389' title='bbox 393 2850 433 2879; x_wconf 83' lang='lat' dir='ltr'><em>ut</em></span> <span class='ocrx_word' id='word_1_390' title='bbox 457 2845 528 2880; x_wconf 88' lang='lat' dir='ltr'>uid.</span> <span class='ocrx_word' id='word_1_391' title='bbox 623 2848 664 2880; x_wconf 83' lang='lat'><em>20</em></span> <span class='ocrx_word' id='word_1_392' title='bbox 693 2841 713 2882; x_wconf 82' lang='grc' dir='ltr'><em>ὃ</em></span> <span class='ocrx_word' id='word_1_393' title='bbox 739 2846 788 2888; x_wconf 72' lang='grc' dir='ltr'><em>δὲ]</em></span> <span class='ocrx_word' id='word_1_394' title='bbox 817 2843 837 2883; x_wconf 85' lang='grc' dir='ltr'>ὁ</span> <span class='ocrx_word' id='word_1_395' title='bbox 864 2842 900 2883; x_wconf 83' lang='grc' dir='ltr'><em>δ’</em></span> <span class='ocrx_word' id='word_1_396' title='bbox 927 2846 992 2883; x_wconf 86' lang='lat' dir='ltr'><em>FV</em></span> <span class='ocrx_word' id='word_1_397' title='bbox 1015 2857 1086 2883; x_wconf 78' lang='lat' dir='ltr'><strong>ras.</strong></span> <span class='ocrx_word' id='word_1_398' title='bbox 1114 2850 1201 2882; x_wconf 73' lang='lat'><em>3—4</em></span> <span class='ocrx_word' id='word_1_399' title='bbox 1225 2847 1293 2883; x_wconf 82' lang='lat' dir='ltr'><strong>litt.</strong></span> <span class='ocrx_word' id='word_1_400' title='bbox 1321 2849 1350 2882; x_wconf 89' lang='lat' dir='ltr'><em>A</em></span> <span class='ocrx_word' id='word_1_401' title='bbox 1377 2857 1444 2882; x_wconf 90' lang='lat' dir='ltr'><em>om.</em></span> <span class='ocrx_word' id='word_1_402' title='bbox 1470 2846 1508 2881; x_wconf 88' lang='lat' dir='ltr'>M</span> <span class='ocrx_word' id='word_1_403' title='bbox 1535 2844 1555 2883; x_wconf 88' lang='grc' dir='ltr'>ὁ</span> <span class='ocrx_word' id='word_1_404' title='bbox 1582 2847 1613 2882; x_wconf 88' lang='grc' dir='ltr'><strong>Ε</strong></span> <span class='ocrx_word' id='word_1_405' title='bbox 1692 2851 1745 2889; x_wconf 75' lang='grc' dir='ltr'><em>τε]</em></span> <span class='ocrx_word' id='word_1_406' title='bbox 1769 2848 1838 2892; x_wconf 83' lang='grc' dir='ltr'><em>μὲν</em></span> <span class='ocrx_word' id='word_1_407' title='bbox 1861 2847 1894 2883; x_wconf 89' lang='grc' dir='ltr'><strong>Ε</strong></span> 
     </span>
     <span class='ocr_line' id='line_1_48' title="bbox 274 2898 1941 2953; baseline 0.004 -18"><span class='ocrx_word' id='word_1_408' title='bbox 274 2904 311 2935; x_wconf 81' lang='grc'><em>21</em></span> <span class='ocrx_word' id='word_1_409' title='bbox 341 2898 493 2938; x_wconf 55' lang='lat' dir='ltr'><em>*astabo</em></span> <span class='ocrx_word' id='word_1_410' title='bbox 516 2901 544 2936; x_wconf 90' lang='lat' dir='ltr'>P</span> <span class='ocrx_word' id='word_1_411' title='bbox 638 2899 998 2950; x_wconf 78' lang='grc' dir='ltr'><em>*ἐπικατασκάψασ,</em></span> <span class='ocrx_word' id='word_1_412' title='bbox 1024 2902 1096 2941; x_wconf 82' lang='grc' dir='ltr'><em>σκά</em></span> <span class='ocrx_word' id='word_1_413' title='bbox 1121 2905 1143 2940; x_wconf 88' lang='lat' dir='ltr'><em>i.</em></span> <span class='ocrx_word' id='word_1_414' title='bbox 1169 2914 1239 2940; x_wconf 74' lang='lat' dir='ltr'><strong>ras,</strong></span> <span class='ocrx_word' id='word_1_415' title='bbox 1265 2904 1304 2939; x_wconf 88' lang='lat' dir='ltr'>M</span> <span class='ocrx_word' id='word_1_416' title='bbox 1405 2906 1446 2938; x_wconf 84' lang='lat'><em>22</em></span> <span class='ocrx_word' id='word_1_417' title='bbox 1472 2902 1660 2953; x_wconf 72' lang='grc' dir='ltr'><em>*ἐνιαυτῷ</em></span> <span class='ocrx_word' id='word_1_418' title='bbox 1684 2901 1941 2951; x_wconf 74' lang='grc' dir='ltr'><em>πολιορκήσας</em></span> 
     </span>
     <span class='ocr_line' id='line_1_49' title="bbox 271 2955 1257 3008; baseline 0.003 -16"><span class='ocrx_word' id='word_1_419' title='bbox 271 2968 341 2992; x_wconf 91' lang='lat' dir='ltr'><em>om.</em></span> <span class='ocrx_word' id='word_1_420' title='bbox 371 2958 413 2991; x_wconf 81' lang='lat' dir='ltr'>W</span> <span class='ocrx_word' id='word_1_421' title='bbox 508 2962 549 2993; x_wconf 82' lang='lat'><em>23</em></span> <span class='ocrx_word' id='word_1_422' title='bbox 575 2962 652 2995; x_wconf 81' lang='grc' dir='ltr'><em>τῶν</em></span> <span class='ocrx_word' id='word_1_423' title='bbox 675 2955 800 2996; x_wconf 72' lang='grc' dir='ltr'><em>αὐτῶν</em></span> <span class='ocrx_word' id='word_1_424' title='bbox 825 2960 863 2997; x_wconf 84' lang='grc' dir='ltr'><em>δὲ</em></span> <span class='ocrx_word' id='word_1_425' title='bbox 888 2958 1036 2997; x_wconf 78' lang='grc' dir='ltr'><em>τούτων</em></span> <span class='ocrx_word' id='word_1_426' title='bbox 1059 2963 1204 3008; x_wconf 79' lang='grc' dir='ltr'><em>καιρῶν</em></span> <span class='ocrx_word' id='word_1_427' title='bbox 1227 2960 1257 2995; x_wconf 89' lang='grc' dir='ltr'><strong>Ε</strong></span> 
     </span>
    </p>
   </div>
   <div class='ocr_carea' id='block_1_14' title="bbox 1970 0 2107 3377">
    <p class='ocr_par' dir='ltr' id='par_1_16' title="bbox 1970 0 2107 3377">
     <span class='ocr_line' id='line_1_50' title="bbox 1970 0 2107 3377; baseline 0 0"><span class='ocrx_word' id='word_1_428' title='bbox 1970 0 2107 3377; x_wconf 95' lang='lat' dir='ltr'><em> </em></span> 
     </span>
    </p>
   </div>
  </div>
 </body>
</html>
