2029 3392
811 211 1004 247 Praefatio.
1660 212 1745 246 xlx

82 346 163 373 nou
203 328 432 373 credidisse
473 327 607 369 Iesum
646 326 854 368 Christum
876 329 923 379 ¹),
971 325 1081 366 unde
1116 329 1292 380 apparet
1331 338 1425 366 cum
1466 340 1545 366 non
1588 326 1741 378 legisse

84 412 192 452 quac
222 410 328 440 nunc
357 394 468 450 apud
510 407 603 437 cum
645 394 684 435 in
717 393 858 434 XVIII
897 399 1063 446 cxtaut;
1105 406 1233 445 quare
1272 392 1493 446 probabile
1533 400 1596 434 cst
1637 394 1743 437 inter

85 464 277 519 origenis
307 466 349 505 et
378 461 548 504 Eusebii
583 466 784 515 tempora,
818 460 855 501 h.
879 474 913 502 c.
943 461 1202 514 temporibus
1232 460 1474 502 Seuerianis
1499 467 1570 502 aut
1600 462 1744 514 paullo

86 538 179 588 post
208 532 246 574 in
279 528 500 584 Iosepbum
533 542 583 571 ca
614 528 847 571 deuenisse.

197 598 282 642 Sed
319 611 368 640 co
407 610 490 639 non
523 596 701 638 cl'ticitur
731 596 914 638 omnium
955 595 1155 637 librorum
1194 609 1415 638 commune
1453 596 1745 650 archetypum,

87 667 198 723 quod
224 680 276 708 cx
299 666 359 708 cis
381 678 489 718 quac
512 663 753 707 enumcraui
776 663 888 705 uitiis
909 662 1180 705 statuendum
1202 667 1277 714 cst,
1311 663 1400 705 cius
1420 664 1573 705 aetatis
1595 664 1744 718 fuisse3

86 734 187 778 nihil
220 733 329 775 enim
361 732 522 786 obstat,
561 731 784 784 quominus
816 731 1211 785 interpolamentum
1243 730 1348 772 illud
1380 730 1421 772 in
1452 731 1574 785 plura
1605 744 1746 773 exem-

86 801 219 858 plaria
251 800 384 842 inlata
414 812 507 842 essc
529 803 783 851 statuamus3
816 812 913 840 nam
937 798 1004 839 uel
1028 797 1333 840 Antoninorum
1355 803 1495 840 aetate
1518 798 1747 853 Iosephum

86 883 111 912 a
132 868 322 924 pluribus
345 868 498 910 lectum
521 879 615 908 esse
636 870 811 909 constat.
860 878 991 920 quare
1012 864 1092 907 hoc
1113 866 1199 908 fere
1221 870 1411 920 tempore
1431 866 1565 909 altero
1589 880 1628 921 p.
1652 865 1748 908 Chr.

85 936 254 979 saeculo
285 934 425 978 medio
456 935 642 977 omnium
673 934 865 977 codicum
890 937 1125 975 nostrorum
1147 947 1351 988 proauum
1373 939 1517 976 natum
1540 946 1633 977 esse
1655 946 1750 976 con-

86 1003 269 1047 iecerim.
321 1002 434 1056 quod
464 1005 509 1044 ut
539 1002 704 1055 faciam,
736 1015 785 1043 co
812 1014 980 1053 quoque
1012 999 1211 1054 adducor,
1244 1001 1357 1053 quod
1378 1002 1536 1043 multae
1559 1001 1750 1044 codicum

87 1070 397 1126 discrepantiae
427 1070 530 1113 satis
561 1070 760 1122 antiquae
790 1069 1008 1123 uidentur,
1049 1073 1094 1110 ut
1123 1068 1334 1110 interdum
1365 1069 1433 1110 uel
1470 1068 1752 1122 antiquissimi

87 1144 216 1182 testes
234 1152 285 1181 ea
300 1137 523 1181 uideantur
538 1150 780 1191 agnoscere,
803 1149 912 1189 quac
930 1149 1038 1179 nunc
1055 1136 1097 1178 in
1115 1136 1396 1178 deterioribus
1412 1135 1531 1178 libris
1552 1137 1752 1179 feruntur.

205 1376 293 1417 Iam
326 1388 375 1417 eo
406 1372 584 1427 accedO,
624 1378 668 1415 ut
699 1372 752 1414 de
784 1372 999 1414 codicibus
1029 1384 1156 1426 supra
1190 1371 1359 1426 scriptis
1398 1371 1631 1427 disputem,
1672 1384 1756 1425 qua

92 1443 254 1486 ratione
286 1442 393 1483 inter
422 1454 468 1484 se
498 1442 581 1483 sint
612 1441 820 1483 coniuncti
851 1444 893 1483 et
923 1439 1069 1493 quanti
1107 1438 1285 1492 quisque
1324 1439 1378 1481 sit
1415 1440 1646 1482 faciendus.
1702 1439 1757 1483 de

93 1524 176 1564 quo
207 1514 252 1552 ut
281 1513 392 1552 recte
422 1509 642 1562 iudicetur,
680 1509 859 1562 primum
890 1506 1145 1550 monendum
1176 1511 1240 1549 est
1270 1511 1354 1549 tres
1386 1508 1516 1550 libros
1546 1508 1581 1549 F
1602 1509 1636 1550 L
1659 1512 1700 1550 et
1721 1507 1757 1549 V

94 1579 208 1621 solos
246 1577 375 1619 libros
406 1576 606 1618 XI—XV
637 1575 860 1628 exhibere3
906 1574 1060 1617 deinde
1093 1575 1219 1616 etiam
1257 1575 1511 1627 reliquorum
1550 1576 1758 1618 rationem

93 1645 222 1688 aliam
253 1657 346 1688 esse
377 1645 420 1686 in
450 1643 515 1685 his
551 1643 670 1685 libris
702 1643 831 1685 aliam
861 1643 904 1684 in
934 1642 1055 1684 libris
1084 1642 1326 1684 XVI—XX
1356 1646 1398 1684 et
1427 1643 1536 1695 uita,
1575 1642 1759 1695 denique

93 1712 136 1754 in
166 1711 310 1754 codice
340 1711 376 1752 R
407 1711 537 1753 uitam
569 1711 705 1752 solam
736 1709 859 1764 tradi,
891 1713 932 1751 ct
960 1710 1002 1751 in
1033 1709 1114 1751 hac
1144 1708 1352 1750 tradenda
1381 1709 1559 1752 aliorum
1591 1722 1760 1764 quoque

94 1779 293 1822 librorum
325 1777 614 1821 condicionem
644 1778 788 1832 paullo
818 1777 947 1819 aliam
978 1776 1114 1819 uideri
1144 1790 1196 1819 ac
1221 1776 1264 1818 in
1293 1776 1467 1829 reliquis
1494 1777 1626 1820 libris.
1676 1790 1761 1831 qua

93 1846 255 1889 ratione
275 1850 453 1902 apparet
481 1859 582 1899 rem,
614 1858 722 1899 quae
744 1859 771 1887 a
791 1844 912 1887 nobis
935 1843 1186 1899 exponenda
1208 1849 1283 1897 est,
1314 1845 1458 1898 paullo
1481 1844 1760 1888 difficiliorem

95 1924 137 1956 et
166 1913 464 1957 intricatior-em
495 1913 586 1955 fieri
625 1914 829 1966 uariaque
859 1911 1086 1955 statuenda
1117 1925 1211 1954 esse
1242 1911 1351 1954 inter
1381 1911 1549 1955 codices
1579 1912 1761 1956 necessi-

94 1980 253 2023 tudinis
283 1986 324 2024 et
355 1981 618 2035 cognationis
648 1993 816 2034 genera.
868 1979 945 2022 sed
966 1981 1110 2035 paullo
1131 1981 1268 2022 minus
1290 1979 1483 2022 difficilia
1502 1981 1609 2023 haec
1631 1985 1762 2035 erunt,

96 2048 134 2091 si
162 2049 416 2104 memineris,
445 2050 489 2092 id
512 2049 625 2104 quod
655 2052 754 2091 ante
785 2048 909 2091 u01.1
938 2062 978 2103 p.
996 2048 1097 2090 VIII
1127 2048 1428 2102 demonstraui‚
1459 2047 1632 2103 Iosephi
1657 2048 1762 2090 anti-

96 2117 280 2171 quitates
319 2118 419 2159 olim
452 2117 637 2171 digestas
676 2116 812 2158 uideri
851 2116 892 2157 in
932 2114 1100 2158 codices
1140 2116 1361 2170 quinorum
1400 2117 1622 2170 librorum,
1663 2122 1766 2170 quot

97 2184 224 2227 hodie
254 2184 384 2227 habet
413 2184 657 2239 Leidensis,
697 2196 854 2236 eosque
885 2183 1072 2238 codices,
1113 2184 1266 2238 quibus
1305 2183 1402 2226 libri
1432 2184 1637 2226 XI—-XX
1669 2198 1765 2227 cum

97 2252 187 2295 uita
217 2253 465 2307 continetur,
496 2252 751 2307 compositos
781 2264 875 2294 esse
904 2265 957 2294 ex
980 2251 1088 2294 binis
1109 2251 1394 2294 uoluminibus
1415 2252 1631 2306 quinariis,
1663 2265 1764 2305 quo-

97 2332 189 2361 rum
218 2332 347 2362 unum
378 2320 575 2375 quodque
605 2334 683 2363 sua
712 2320 900 2363 habebat
929 2326 972 2362 et
1000 2319 1108 2362 uitia
1137 2322 1179 2362 et
1208 2320 1404 2372 uirtutes,
1446 2332 1528 2372 quo
1569 2319 1767 2362 effectum

99 2392 174 2441 est,
204 2392 250 2429 ut
279 2386 324 2429 id
354 2388 467 2441 quod
497 2389 540 2430 in
570 2388 700 2431 libros
719 2387 920 2430 XI—XV
942 2386 1057 2429 cadit
1083 2400 1168 2430 non
1194 2387 1296 2430 item
1315 2387 1681 2430 accommodatum
1711 2387 1768 2428 sit

99 2453 156 2498 ad
185 2455 318 2497 libros
349 2456 615 2510 posteriores.

214 2522 337 2565 Nunc
366 2522 422 2565 ad
452 2537 540 2566 rem
561 2524 743 2577 ueniam,
775 2529 901 2578 qu'am
921 2522 982 2565 ita
1003 2521 1239 2577 disponam,
1269 2524 1316 2564 ut
1335 2521 1516 2576 primum
1538 2521 1592 2564 de
1613 2521 1767 2564 codici-

102 2589 181 2632 bus
211 2589 385 2634 Graecis
416 2590 575 2645 dicam,
613 2591 684 2644 qui
714 2590 757 2632 in
786 2589 1132 2633 adnotationibus
1162 2589 1343 2632 adhibiti
1373 2592 1489 2642 sunt,
1530 2588 1683 2632 deinde
1715 2588 1770 2632 de

103 2658 290 2712 epitoma
319 2661 360 2701 et
391 2658 562 2713 Latino,
594 2662 680 2701 tum
714 2658 767 2700 de
798 2658 1031 2713 excerptis,
1071 2657 1256 2710 denique
1286 2655 1339 2698 de
1370 2657 1545 2709 reliquis
1577 2656 1769 2699 testibus.

219 2806 249 2846 1)
275 2813 400 2839 comm.
425 2803 462 2838 in
485 2802 710 2839 matthaeum
733 2802 768 2838 X
791 2813 822 2838 c.
840 2806 877 2837 17
914 2796 973 2838 ὅτι
1006 2799 1076 2838 τὸν
1099 2797 1238 2848 Ἰησοῦν
1261 2797 1367 2847 ἡμῶν
1392 2796 1437 2837 οὐ
1467 2797 1771 2844 καταδεξάμενος

106 2855 201 2895 εἶναι
222 2856 382 2905 χριστὸν
407 2855 515 2897 οὐδὲν
537 2853 655 2906 ἧττον
677 2855 842 2907 Ἰακώβῳ
867 2855 1104 2905 δικαιοσύνην
1120 2855 1356 2905 ἐμαρτύρησε
1380 2854 1578 2904 τοσαύτην.
1613 2857 1772 2901 loquitur

107 2913 152 2948 de
175 2924 216 2950 eo
236 2915 380 2960 Iosephi
402 2916 482 2952 loco
507 2916 588 2960 (XX
606 2919 684 2960 200)
707 2917 769 2952 ubi
793 2916 917 2951 Iacobi
939 2915 1064 2950 fratris
1088 2915 1170 2951 Iesu
1193 2915 1293 2950 facta
1317 2917 1372 2949 est
1395 2913 1538 2948 mentio.
1577 2913 1671 2948 idem
1695 2913 1771 2947 fere

109 2973 234 3005 contra
258 2971 349 3007 Cels.
374 2971 393 3006 I
413 2975 468 3008 47.

1449 3027 1499 3061 b*
