2107 3377
209 210 290 248 408
666 210 826 255 ANTIQ.
852 211 950 246 IUD.
974 211 1043 247 xv
1066 213 1245 247 417—423
1269 213 1330 254 (xn.
1347 219 1374 244 5.
1391 214 1423 254 θ)

97 328 179 369 418
212 320 534 407 ἀπειλουμένης
563 327 641 383 τῆς
672 324 841 382 ζημίας.
893 320 1004 377 εἶχεν
1025 319 1067 366 δ’
1094 321 1216 379 ὃμὲν
1239 323 1362 375 ἐντὸς
1391 326 1631 382 περίβολος
1660 325 1771 369 κατὰ
1801 325 1881 381 μὲν

208 392 258 437 τὸ
282 392 428 436 νότιον
458 395 529 436 καὶ
560 392 736 448 βόρειον
764 393 899 446 κλίμα
929 396 1204 446 τριστοίχους
1233 394 1442 444 πυλῶνας
1473 388 1671 452 ἀλλήλων
1699 393 1882 437 διεστῶ-

206 477 308 514 τας,
350 459 460 503 κατὰ
493 461 540 503 δὲ
570 459 697 518 ἡλίου
725 459 863 515 βολὰς
904 458 978 503 ε’να
1007 459 1085 503 τὸν
1114 464 1262 517 μέγαν,
1304 456 1364 504 δι’
1401 456 1450 504 οὗ
1481 461 1724 519 παρῄειμεν
1756 458 1880 518 ἆγνοὶ

95 531 177 571 419
208 527 320 583 μετᾶ
349 530 577 584 γυναικῶν.
629 528 829 581 ἐσωτέρω
862 527 909 570 δὲ
938 523 1138 571 κάκείνου
1168 528 1366 612 γυναιξὶν
1398 525 1563 583 ὂὲβατον
1592 527 1645 586 ἦν
1673 528 1723 573 τὸ
1749 527 1880 586 ἱερόν.

211 595 376 640 εκείιοτ
410 591 450 638 δ’
488 595 700 651 ἐνδοτέρω
732 599 893 651 τρίτον,
934 590 1050 638 όπου
1079 605 1174 648 τοῖς
1215 597 1404 651 ἱερεῦσιν
1435 595 1657 640 εἰσελθεῖν
1695 595 1794 648 εξὸν
1830 596 1883 654 ἠν

207 664 374 720 μόνοις.
437 661 475 720 [5
510 663 615 715 ναὸς
646 680 690 707 εν
720 662 878 720 τούτῳ]
920 665 992 707 καὶ
1024 662 1112 720 πρὸ
1146 659 1282 708 αυτοῦ
1316 663 1467 719 βωμὸς
1508 662 1570 723 ἠν,
1611 660 1685 723 εφ’
1722 661 1772 708 οὗ
1801 665 1884 717 τὰς

92 735 174 775 420
204 735 371 783 θυσίας
402 729 736 787 ὡλοκαυτοῦμεν
756 748 817 788 τῳ
840 734 951 788 θειῦ.
990 731 1157 775 τούτων
1180 731 1242 782 εἷς
1264 727 1421 776 ουδένα
1441 735 1529 776 τίῦν
1550 735 1683 789 τριῶν
1704 730 1727 777 ὅ
1749 736 1882 788 βασι-

206 799 305 850 λεὺς
333 798 535 858 (Ηρώδης
574 801 830 858 παρῆλθεν·
872 798 1109 844 ἐκεκώλυτο
1139 799 1222 856 γὰρ
1254 796 1331 844 οὐκ
1362 793 1422 844 ὢν
1454 800 1606 856 ἱερεύς.
1659 796 1773 844 ἀλλὰ
1803 796 1884 845 κᾶν

205 877 299 918 τοῖς
330 867 474 923 ἔργοις
503 866 559 910 τὰ
592 869 694 923 περὶ
727 866 808 920 τὰς
840 868 974 919 στοὰς
1003 869 1073 911 καὶ
1107 867 1208 918 τοὺς
1239 867 1322 919 ἔξω
1354 868 1621 924 περιβόλους
1652 868 1883 925 ἐπραγμα-

205 936 355 979 τεύετο
387 938 461 980 καὶ
493 931 620 979 ταῦτ’
657 931 940 994 ᾠκοδόμησεν
971 936 1113 979 ἔτεσιν
1144 931 1270 978 όκτώ.

96 1008 173 1048 421
324 1008 362 1048 6.
399 1007 487 1047 Τοῦ
520 1004 566 1047 δὲ
598 1007 704 1047 ναοῦ
741 1003 815 1048 διὰ
854 1007 943 1047 τῶν
983 1004 1135 1059 ἱερέων
1175 1003 1549 1061 οἰκοδομηθέντος
1587 1003 1773 1062 ἐνιαυτῷ
1810 1006 1885 1049 καὶ

203 1073 338 1131 μησὶν
359 1075 492 1115 πέντε
523 1067 647 1123 ἅπας
678 1069 701 1115 0‘
730 1071 836 1123 λαὸς
867 1070 1110 1129 ἐπληρώθη
1139 1073 1278 1127 χαρᾶς
1307 1073 1381 1115 καὶ
1411 1073 1489 1114 τοῦ
1518 1071 1678 1126 τάχους
1707 1075 1885 1128 πρῶτον

207 1141 286 1196 μὲν
317 1143 379 1197 τῷ
411 1143 509 1196 θεῷ
537 1139 618 1191 τᾶς
649 1138 1006 1196 εὐχαριστηρίους
1037 1138 1294 1192 ἐποιοῦντο,
1334 1138 1446 1194 μετὰ
1478 1139 1525 1182 δὲ
1554 1142 1628 1184 καὶ
1658 1142 1735 1199 τῆς
1772 1157 1886 1196 προ-

207 1212 378 1263 θυμίας
406 1210 484 1251 τοῦ
503 1209 723 1263 βασιλέως
745 1206 1027 1263 ἑορτάζοντες
1047 1208 1120 1250 καὶ
1140 1209 1522 1266 κατευφημοῦντες
1542 1207 1621 1266 τὴν
1644 1203 1885 1253 ἇνάκτισιν.

92 1279 174 1319 422
207 1274 230 1320 ὁ
266 1276 312 1319 δὲ
341 1274 551 1331 βασιλεὺς
589 1279 870 1330 τριακοσίους
908 1274 1046 1318 ἔθυσε
1074 1277 1138 1332 τῷ
1167 1277 1266 1332 θεῷ
1303 1277 1410 1330 βοῦς
1444 1277 1518 1319 καὶ
1549 1281 1637 1319 τῶν
1669 1274 1814 1320 ἄλλων
1844 1278 1888 1322 οἱ

207 1341 320 1386 κατὰ
353 1343 550 1398 δύναμιν,
583 1347 644 1386 ιῦν
675 1360 751 1398 ουχ
783 1343 877 1386 οἶόν
906 1360 955 1386 τε
984 1342 1061 1387 τὸν
1092 1339 1290 1399 ἀριθμὸν
1312 1343 1478 1386 εἰπεῖν·
1511 1340 1710 1402 εκφεύγει
1730 1343 1814 1401 γὰρ
1833 1343 1884 1390 τὸ

97 1416 180 1456 423
212 1411 436 1455 δύνασθαι
466 1410 582 1466 πρὸς
614 1407 833 1469 αλήθειαν
864 1411 1030 1455 εἰπεῖν·
1064 1407 1395 1455 συνεπεπτώκει
1425 1411 1508 1468 γὰρ
1538 1415 1594 1470 τῇ
1624 1417 1888 1494 προθεσμίᾳ

207 1481 286 1523 τοῦ
317 1481 420 1535 περὶ
452 1478 532 1522 τὸν
561 1478 669 1523 ναὸν
691 1479 816 1537 έργου
848 1482 922 1523 καὶ
951 1479 1031 1538 τὴν
1055 1477 1220 1536 ἡμέραν
1250 1482 1314 1537 τῶ
1343 1481 1523 1535 βασιλεῖ
1550 1483 1628 1539 τῆς
1659 1477 1805 1540 αρχῆς,
1835 1480 1889 1540 ἣν

208 1546 256 1599 ἐξ
284 1547 419 1598 ἔθους
450 1546 682 1603 ἑώρταζον,
717 1564 760 1599 ες
789 1543 949 1592 ταύτὸν
972 1547 1136 1601 ἐλθεῖν,
1167 1550 1241 1592 καὶ
1264 1548 1624 1609 περισημοτάτην
1647 1548 1742 1601 ἐξ’
1718 1559 1888 1608 αμφοῖν

206 1614 286 1675 τὴν
317 1615 472 1675 ἑορτὴν
502 1619 728 1672 γενέσθαι.

325 1774 611 1811 PFLAMVWE
623 1775 694 1810 Lat
707 1775 867 1810 Zonaras
892 1774 910 1809 I
934 1784 968 1819 p.
987 1776 1066 1810 436.

324 1835 337 1866 1
366 1832 465 1877 *μὲν
489 1829 549 1874 τὸ]
577 1826 701 1878 μέροσ
725 1831 774 1866 W
890 1833 909 1865 2
934 1828 1102 1879 *βόριον
1125 1831 1154 1866 Ρ
1270 1829 1509 1877 τριστοίχους
1533 1834 1720 1875 πυλῶνας]
1753 1837 1825 1868 tres
1847 1832 1885 1867 in

201 1888 348 1934 pariete
365 1889 495 1924 ianuas
520 1889 592 1923 Lat
685 1895 790 1936 τρεῖσ
817 1889 975 1934 τοίχουσ
999 1888 1027 1922 Ρ
1053 1890 1270 1934 τριστίχουσ
1287 1888 1318 1922 V
1346 1885 1573 1935 τριπτύχουσ
1597 1889 1630 1924 Ε
1654 1892 1691 1924 et
1714 1889 1750 1923 in
1774 1899 1884 1934 marg.

205 1945 280 1980 AM
363 1947 381 1979 3
408 1941 628 1992 παρῄειμεν]
655 1940 795 1992 πάρησι
821 1945 891 1989 μὲν
907 1945 935 1979 Ρ
961 1946 1148 1992 παρίημεν
1164 1944 1263 1980 FLV
1288 1946 1498 1992 παρείημεν
1516 1945 1548 1979 Ε
1630 1949 1651 1981 4
1675 1943 1885 1992 *ἐσωτέρω

210 2021 250 2026 ——
277 2004 442 2048 γυναιξὶν
466 2013 534 2038 om.
560 2003 631 2038 Lat
711 2000 757 2039 τὸ
784 2012 852 2037 om.
878 2001 910 2037 E
1005 2005 1024 2036 5
1058 2001 1097 2038 δὲ
1123 2001 1155 2036 Ε
1248 2000 1480 2047 *ἐνδοτέρου
1502 2001 1533 2036 L
1557 1998 1762 2049 ἐνδότερον
1785 2002 1818 2037 V

206 2059 402 2127 *ἕὲελοεῖν
417 2081 448 2116 F
532 2085 551 2117 6
576 2078 629 2117 *ὁ
647 2080 742 2123 ναὸς
765 2079 807 2117 ἐν
823 2078 946 2130 τούτῳ
971 2092 1039 2117 om.
1057 2081 1183 2125 PLat3
1210 2081 1292 2116 uide
1316 2080 1397 2116 beu.
1418 2080 1555 2125 1ud.v,
1573 2073 1603 2123 5,·
1623 2083 1642 2116 6
1729 2085 1747 2116 7
1774 2077 1887 2120 *520-

205 2142 419 2183 καυτοῦμεν
435 2138 514 2173 FW
599 2139 705 2174 *τῶν
728 2141 855 2183 τριῶν]
881 2138 950 2174 hoc
974 2139 1089 2173 minus
1114 2140 1212 2173 recte
1237 2148 1275 2173 se
1299 2138 1432 2173 habere.
1458 2139 1645 2182 totumque
1668 2137 1784 2174 locum
1808 2142 1886 2174 tur-

205 2197 328 2232 batum
353 2195 468 2230 uideri
491 2195 643 2230 adnotat
665 2194 818 2230 Hudson
900 2197 918 2230 8
944 2193 1136 2231 κεκώλυτο
1161 2193 1194 2229 Ε
1276 2191 1392 2241 *γὰρ1
1417 2192 1492 2241 γὰρ
1510 2191 1559 2230 ἄν
1582 2194 1610 2229 Ρ
1687 2190 1782 2232 ἀλλὰ
1800 2191 1886 2239 κᾶν]

206 2249 295 2290 ἀλλ’
319 2252 360 2289 ἐν
385 2252 417 2287 Ε
520 2248 606 2297 κάν]
632 2254 696 2288 καὶ
719 2251 800 2286 LW
903 2255 923 2287 9
948 2248 1115 2298 *ἔργοις]
1141 2250 1278 2298 ἱερεῦσι
1303 2251 1333 2285 V
1439 2248 1613 2287 *στολὰσ
1636 2250 1664 2285 P
1769 2248 1884 2297 *ἔξω

207 2307 281 2347 ἔσω
299 2310 332 2345 V
418 2312 458 2344 10
482 2307 584 2354 μόνα
609 2309 668 2344 uel
692 2308 806 2343 simile
828 2307 1030 2343 addendum
1049 2318 1128 2344 esse
1146 2308 1237 2350 coni,
1262 2308 1329 2344 nisi
1353 2309 1458 2352 plura
1475 2307 1684 2343 exciderunt
1765 2311 1885 2346 ταῦτα

205 2367 272 2402 VE
366 2365 406 2403 ἐν
426 2363 549 2403 ἔτεσιν
567 2366 600 2401 Ε
687 2366 735 2412 *ἢ
759 2364 825 2400 LV
913 2368 950 2400 11
979 2360 1303 2414 ιρκοδομηθέντοσ
1328 2365 1366 2400 Μ
1458 2363 1660 2411 *ἐνιαυτῲἹ
1689 2375 1761 2400 emo
1786 2375 1885 2400 anno

205 2423 276 2459 Lat
313 2422 366 2460 ἓν),
397 2423 558 2472 ἐνιαυτῷ
589 2422 804 2458 Herwerden
944 2424 984 2457 12
1015 2418 1142 2464 πέντε]
1181 2419 1222 2465 ἓξ
1250 2421 1473 2457 FLAMWE
1508 2418 1535 2458 ς’
1559 2421 1592 2456 V
1622 2422 1783 2467 quinque
1813 2421 1884 2457 Lat

205 2481 228 2516 i.
247 2491 356 2525 marg.
382 2494 430 2527 γρ
454 2494 471 2517 ε
499 2480 529 2513 Α
626 2482 665 2515 13
691 2474 936 2526 εὖχαριστίασ
960 2478 1180 2514 FLAMVW
1205 2479 1348 2525 qratias
1374 2478 1443 2513 Lat
1533 2475 1629 2523 μετὰ
1656 2498 1698 2503 -
1727 2481 1768 2513 14
1793 2474 1882 2516 dvo}-

205 2541 337 2580 κτισιν]
363 2537 492 2573 deinde
516 2537 742 2572 alacritatem
766 2536 864 2581 reqis
888 2546 997 2582 quam
1023 2536 1057 2570 in
1083 2535 1308 2571 dedicatione
1325 2535 1450 2570 habuit
1476 2534 1642 2570 laudibus
1660 2534 1883 2570 extollebant

206 2594 277 2629 Lat
358 2597 403 2640 τῆ
427 2594 623 2640 προθυμία
647 2592 822 2627 FLAMV
907 2596 946 2627 14
971 2588 1176 2639 α’νάκτησιν
1193 2592 1271 2627 LW
1357 2595 1397 2628 15
1423 2592 1678 2638 *τριακοσιάσ
1693 2590 1882 2626 FLAMW

206 2649 238 2688 τ’
255 2651 288 2685 V
306 2656 483 2686 trecentos
499 2650 568 2685 Lat
638 2646 769 2697 *βόασ
785 2649 851 2685 FV
919 2651 1009 2686 *καὶ
1030 2672 1068 2675 -
1091 2651 1130 2684 16
1148 2646 1312 2694 δύναμιν]
1340 2654 1373 2685 et
1388 2648 1454 2683 alii
1468 2648 1662 2683 secundum
1684 2648 1779 2683 uires
1794 2659 1881 2684 suas

206 2708 276 2742 Lat
338 2710 356 2731 *
369 2706 416 2750 οἳ]
442 2705 603 2750 ἕκαστος
621 2710 682 2742 aut
699 2703 852 2743 ἕκαστοι
870 2706 1016 2742 Ernesti
1084 2709 1121 2741 16
1137 2703 1251 2743 *οἶόν
1268 2709 1320 2748 τε]
1339 2706 1483 2742 οἴονται
1504 2704 1530 2739 Ρ
1592 2702 1788 2752 ἐκφεύγειν
1803 2704 1834 2739 L

211 2768 247 2799 17
267 2764 387 2801 εἰπεῖν
404 2775 472 2799 om.
493 2764 521 2799 F
608 2766 651 2810 τῆ
676 2762 871 2811 προθυμία
897 2763 927 2798 L
1016 2765 1054 2798 18
1080 2765 1145 2809 τῆς
1169 2759 1288 2811 α’ρχῆς
1313 2774 1380 2798 om.
1398 2762 1431 2796 V
1511 2756 1642 2808 ἀρχῆς]
1668 2758 1788 2798 a'nu
1811 2764 1816 2807 Ι
1836 2761 1879 2805 L,

209 2822 245 2856 in
270 2832 339 2866 quo
364 2821 495 2856 abhinc
520 2830 634 2866 usque
667 2820 711 2855 ad
736 2820 841 2855 finem
867 2819 916 2855 fol
949 2822 1033 2855 ’.Μυῒ
1056 2823 1194 2862 (409‚2)
1219 2829 1386 2856 uersuum
1419 2819 1534 2854 exitus
1567 2819 1673 2854 recisi
1705 2822 1789 2854 sunt

216 2880 252 2911 19
278 2878 344 2912 litt.
364 2882 457 2920 θοι-ς
482 2888 585 2912 enan.
605 2877 633 2911 L
720 2874 910 2924 ὲόρταζον
925 2877 1003 2911 PA¹
1030 2874 1285 2923 ἑορτάζοντεσ
1302 2875 1381 2910 FW
1407 2873 1666 2922 ἑορτάζοντε·
1691 2877 1696 2918 Ι
1716 2880 1750 2917 (τ
1774 2875 1881 2911 finale

208 2934 338 2979 partim
363 2939 474 2974 extat)
500 2934 528 2968 L
555 2928 739 2978 ἑόρταζεν
763 2933 817 2969 ed.
843 2944 896 2978 pr.
1014 2933 1070 2969 εἰσ
1095 2932 1281 2967 FLAMW
1394 2931 1433 2975 ἐς
1458 2928 1600 2968 ταιῗτὸν
1622 2930 1760 2975 ἐλθεῖν]
1789 2926 1879 2981 μηδ’

211 2986 329 3029 αὐτὸν
353 2993 487 3027 λαθεῖν
509 2990 542 3024 V
628 3004 675 3026 κα
688 2986 1043 3037 σοοοοοοΙμοτάτην
1066 2989 1097 3025 L
1175 2987 1231 3032 ἐξ]
1256 2984 1305 3025 δι’
1322 2989 1354 3025 V
1432 2985 1675 3036 α’μφουοοοΙ
1695 2985 1880 3036 ἑορτὴνΙι

1914 942 1953 976 10

1917 1283 1955 1316 15
