2029 3392
39 945 76 980 10

39 1284 76 1317 15

534 212 695 258 ANTIQ.
721 212 818 248 ιω).
842 211 928 247 xm
955 215 1132 247 233-239
1156 214 1334 254 ‹v111.=.2)
1689 210 1767 246 195

106 334 334 388 φρουρίου,
368 325 490 386 ἡνίκα
522 322 563 369 δ’
590 321 725 382 αὐτὴν
757 325 846 367 ἴδοι
867 328 1143 382 τυπτομένην
1171 326 1243 368 καὶ
1268 325 1646 379 σπαραττομένην,
1680 320 1770 372 ἒξε-

108 398 232 441 λύετο
273 399 343 440 καὶ
381 399 457 454 τῆς
495 393 571 438 ἐπὶ
602 402 696 443 τοῖς
728 392 791 443 εἰς
820 391 897 447 τὴν
928 396 1094 450 μητέρα
1126 395 1449 447 πραττομένοις
1481 392 1769 444 συμπαθείας

109 461 249 522 ἥττων
280 464 457 521 ἐγίνετο.
517 460 749 517 ἑλκομένης
780 456 821 502 δ’
849 455 988 509 οὕτως
1020 460 1082 509 εἰς
1109 459 1264 513 χρόνον
1294 461 1370 517 τῆς
1391 459 1651 512 πολιορκίας
1683 455 1770 498 ἐνί-

108 549 265 576 σταται
303 530 352 574 τό
393 531 489 580 ἔτος
528 528 686 579 έκεῖνο,
727 524 834 570 καθ’
861 527 883 569 ὃ
926 531 1156 582 συμβαίνει
1196 527 1298 578 τοὺς
1325 524 1562 575 Ἰουδαίους
1602 521 1768 580 άργεῖν·

105 601 216 645 κατὰ
247 600 294 643 δὲ
324 597 437 642 ἑπτὰ
470 597 541 653 ἔτι)
573 598 703 639 τοῦτο
735 597 1079 652 παρατηροῦσιν,
1114 593 1173 646 ὡς
1205 594 1248 638 ἐν
1278 604 1376 645 ταῖς
1403 593 1644 649 ἑβδομάσιν
1666 588 1772 649 ἡμέ-

106 686 218 726 ραις.
275 669 348 711 καὶ
379 665 679 718 Πτολεμαῖος,
722 660 807 705 ὑπὸ
847 662 1008 720 ταύτης
1048 659 1228 713 ἀνεθεὶς
1257 665 1333 705 τοῦ
1366 663 1562 716 πολέμου
1593 661 1670 716 τῆς
1703 658 1771 701 αι’-

106 741 204 787 τίας
243 730 493 778 ἆποκτείνει
532 731 634 782 τοὺς
675 727 895 787 ἀδελφοὺς
931 733 1009 773 τοῦ
1037 727 1241 786 Ὑρκανοῦ
1280 733 1351 773 καὶ
1392 730 1471 787 την
1502 731 1669 784 μητέρα
1699 728 1772 769 καὶ

106 805 236 847 τοῦτο
259 801 423 858 δράσας
445 799 559 855 πρὸς
580 795 766 854 Ζήνωνα
788 798 940 855 φεύγει
960 797 1037 841 τὸν
1061 797 1360 855 ἐπικληθέντα
1380 798 1592 849 Κοτυλᾶν,
1614 812 1772 850 τυραν-

108 870 285 914 νεύοντα
315 872 391 925 τῆς
424 868 743 924 Φιλαδελφέων
774 866 961 916 πόλεως.

217 941 256 980 2.
294 932 518 990 Ἀντίοχος
558 935 604 978 δὲ
641 936 847 988 χαλεπῶς
887 933 993 988 ἔχων
1033 929 1106 990 ἐφ)
1143 933 1209 984 οἷς
1240 930 1327 976 ’ὑπὸ
1362 937 1561 987 Σίμωνος
1600 931 1774 974 ἔπαθεν

107 1005 170 1057 εἰς
199 1004 277 1064 τὴν
303 1001 520 1049 Ἰουδαίαν
551 1003 753 1058 ἐνέβαλεν
792 1001 988 1058 τετάρτῳ
1019 1002 1097 1056 μὲν
1129 1000 1217 1044 ἔτει
1256 1003 1333 1058 τῆς
1362 1001 1594 1055 βασιλείας
1626 994 1772 1049 αὐτοῦ,

106 1072 272 1130 πρώτῳ
310 1073 357 1116 δὲ
395 1075 470 1130 τῆς
496 1069 699 1127 Ὑρκανοῦ
739 1066 891 1126 ἀρχῆς,
931 1065 1180 1124 ὀλυμπιάδι
1219 1069 1430 1126 ἑκατοστῇ
1460 1070 1534 1110 καὶ
1565 1066 1775 1125 ἑξηκοστῇ

105 1142 178 1185 καὶ
211 1141 404 1198 δευτέρᾳ.
465 1139 640 1196 δῃώσας
680 1138 726 1181 δὲ
764 1137 842 1196 τὴν
878 1137 1025 1192 χώραν
1064 1136 1142 1180 τὸν
1168 1135 1370 1193 Ὑρκανὸν
1411 1136 1474 1187 εἷς
1514 1131 1648 1191 αὐτὴν
1684 1133 1774 1176 ἐνέ-

105 1210 251 1252 κλεισε
279 1207 359 1266 τὴν
390 1207 535 1259 πόλιν,
567 1206 619 1264 ἣν
640 1205 755 1249 ἑπτὰ
779 1205 1099 1260 στρατοπέδοις
1121 1204 1375 1262 περιλαβών
1396 1202 1527 1261 ἤνυσε
1548 1203 1627 1258 μὲν
1650 1198 1774 1245 οὐδὲν

108 1271 221 1327 ὅλως
251 1275 300 1318 τὸ
334 1279 513 1332 πρῶτον
546 1275 620 1318 διά
649 1291 697 1318 τε
727 1273 807 1332 τὴν
837 1275 924 1316 τιῦν
954 1275 1109 1326 τειχῶν
1141 1272 1382 1329 ὀχυρότητα
1412 1274 1486 1315 καὶ
1518 1267 1579 1313 δι’
1617 1266 1775 1325 ἀρετὴν

107 1346 194 1387 τῶν
225 1343 663 1400 ἐμπολιορκουμένων
696 1342 760 1385 ἔτι
791 1358 838 1397 γε
866 1339 952 1397 μὴν
972 1341 1132 1391 ὕδατος
1169 1337 1376 1394 ἀπορίαν,
1408 1336 1459 1396 ἧς
1482 1335 1640 1389 αὐτοὺς
1663 1335 1775 1380 άπὲ-

109 1413 236 1455 λυσεν
274 1409 440 1467 ὄμβρος
477 1412 757 1464 κατενεχθεὶς
796 1408 935 1460 πολὺς
975 1409 1186 1466 δυομένης
1217 1408 1442 1458 πλειάδος.
1502 1405 1612 1450 κατὰ
1646 1406 1692 1448 δὲ
1722 1405 1771 1448 τὸ

107 1479 284 1535 βόρειον
314 1483 446 1536 μέρος
475 1481 552 1522 τοῦ
582 1483 772 1532 τείχους,
810 1473 919 1520 καθ’
954 1475 975 1520 ὃ
1010 1480 1262 1532 συνέβαινεν
1301 1471 1405 1519 αὐτὸ
1446 1477 1519 1518 καὶ
1560 1474 1777 1518 ἐπίπεδον

111 1545 246 1599 εἶναι,
287 1544 479 1603 πύργους
519 1543 769 1604 ἀναστήσας
810 1544 963 1588 ἑκατὸν
993 1544 1273 1601 τριωρόφους
1304 1540 1564 1598 ἀνεβίβασεν
1597 1538 1671 1585 ἐπ’
1699 1537 1776 1584 αὖ·

111 1615 214 1667 τοὺς
245 1614 539 1671 στρατιωτικὰ
570 1613 785 1670 τάγματα.
846 1617 917 1656 καὶ
950 1611 1206 1669 προσβολὰς
1237 1609 1453 1669 ὁσημέραι
1474 1609 1777 1667 ποιησάμενος

110 1682 282 1740 τάφρον
320 1699 367 1726 τε
405 1686 600 1738 βαθεῖαν
636 1684 708 1725 καὶ
749 1680 918 1739 πολλὴν
955 1680 1004 1723 τὸ
1047 1671 1170 1735 εὖρος
1208 1681 1281 1722 καὶ
1321 1679 1483 1736 διπλῆν
1527 1678 1777 1733 τεμόμενος,

112 1745 389 1804 ἆπετείχισεν
419 1749 522 1800 τοὺς
553 1749 840 1800 ἐνοικοῦντας.
903 1748 945 1791 οἱ
968 1748 1014 1791 δὲ
1037 1746 1208 1798 πολλὰς
1230 1745 1443 1802 ἐκδρομὰς
1466 1742 1780 1788 ἀντεπινοοῦν-

109 1834 202 1869 τες,
245 1817 284 1861 εἷ
321 1817 399 1871 μὲν
439 1814 710 1875 ἀφυλάκτοις
750 1834 838 1860 που
878 1819 1180 1871 προσπέσοιεν
1210 1823 1304 1864 τοῖς
1344 1814 1600 1867 πολεμίοις,
1634 1812 1779 1855 πολλὰ

224 1988 246 2032 ς
271 1989 336 2022 233
360 2005 403 2016 =
427 1985 510 2021 ben.
534 1986 612 2021 Iud.
638 1986 655 2020 1
681 1989 735 2022 59.

222 2133 589 2169 PFLAMVWELat
600 2133 760 2168 Zonaras
783 2133 801 2166 I
824 2144 859 2177 p.
887 2135 962 2167 387.

227 2195 242 2226 1
270 2192 309 2229 δὲ
332 2190 462 2226 FLVE
543 2190 809 2236 *τυπτομένην
833 2188 904 2225 ἴδοι
928 2193 973 2223 tr.
997 2189 1031 2224 V
1117 2186 1437 2233 σπαρασσομένην
1460 2186 1492 2220 Ε
1563 2184 1780 2229 *ἐξελοίετο

110 2248 142 2284 L
235 2251 255 2283 2
280 2251 357 2294 τῆς]
382 2255 468 2284 τοῖσ
492 2247 569 2282 P¹L
685 2249 704 2281 3
730 2246 882 2293 ἐγένετο
908 2245 971 2280 PV
1085 2244 1123 2281 δὲ
1146 2243 1305 2279 AMWE
1399 2247 1417 2277 5
1443 2239 1525 2285 *ὡς
1549 2253 1617 2277 om.
1645 2241 1692 2275 W

110 2306 232 2349 *ταῖς]
257 2311 345 2342 ταῖσ
368 2303 409 2341 ἐν
431 2304 464 2339 V
557 2300 740 2351 ἑβδομάσι
764 2305 828 2339 καὶ
852 2301 1014 2349 ἡμέραισ
1037 2302 1068 2336 Ε
1146 2303 1166 2336 6
1191 2298 1348 2338 ταύταισ
1372 2300 1401 2334 P
1478 2297 1683 2336 *ἅναιθεὶσ
1706 2298 1736 2332 L

112 2365 177 2409 τῆς
201 2362 324 2404 αἰτίας
348 2364 417 2398 τοῦ
441 2359 611 2404 πολέμου
633 2363 679 2394 tr.
699 2360 754 2395 ed.
772 2370 827 2404 pr.
922 2362 939 2392 7
967 2354 1168 2395 ἅποκτένει
1192 2357 1222 2391 F
1249 2353 1446 2394 ἀπέκτεινε
1469 2356 1502 2390 Ε
1599 2357 1617 2389 8
1643 2351 1780 2401 *πρὸς]

112 2415 183 2456 τὸν
206 2419 234 2454 Ρ
304 2415 498 2455 *κο-τύλαν
521 2417 602 2451 FA¹
625 2416 812 2452 κοτύλλαν
827 2415 861 2450 V
883 2412 1046 2451 κοτύλον
1069 2415 1117 2450 W
1190 2417 1229 2449 10
1253 2414 1276 2449 i.
1295 2423 1402 2457 marg.
1423 2410 1470 2449 ις’
1497 2412 1527 2446 L
1552 2410 1656 2446 XVI
1667 2411 1738 2445 Lat

116 2479 153 2511 11
182 2472 298 2513 αὐτοῦ
321 2476 521 2522 βασιλείασ
545 2478 588 2508 tr.
614 2472 737 2506 AMW
833 2474 873 2506 12
901 2466 1135 2516 ὀλυμπιάδοσ
1158 2471 1192 2506 V
1285 2468 1470 2514 ἑξακοστῇ
1488 2489 1527 2493 -«
1550 2471 1588 2503 13
1615 2467 1780 2518 δευτέρᾳ]

116 2529 154 2578 ρ’
178 2535 242 2569 καὶ
265 2529 302 2576 ξ’
326 2534 390 2568 καὶ
414 2528 458 2579 β’
475 2531 508 2566 V
644 2531 679 2564 13
704 2531 769 2565 καὶ
792 2539 862 2563 om.
886 2528 1008 2563 AMW
1123 2526 1346 2568 *ἐνέκλεισε
1372 2540 1403 2562 ει
1429 2536 1472 2561 ex
1496 2540 1517 2571 η
1541 2534 1634 2559 corr.
1660 2523 1691 2557 L

116 2591 158 2623 14
180 2585 428 2636 *περιβαλὼν
451 2587 497 2622 P¹
564 2584 652 2632 ἤνυε
676 2585 899 2621 LAMVWE
922 2583 990 2631 ἧνυ
1013 2583 1042 2618 F
1140 2588 1180 2619 15
1204 2579 1249 2620 τὸ
1276 2593 1344 2618 om.
1371 2582 1403 2616 E
1499 2584 1538 2616 16
1563 2580 1782 2625 ἐνπολειορ-

113 2644 308 2690 κουμὲνων
329 2644 358 2679 P
384 2641 493 2681 ἔνδον
516 2642 853 2690 πολιορκουμένων
869 2641 975 2675 LAM
1000 2637 1116 2677 ἕνδων
1140 2639 1476 2684 πολιορκουμένων
1492 2638 1539 2671 W
1556 2640 1783 2681 πολιορκου-

115 2700 238 2745 μένων
255 2701 288 2736 Ε
312 2701 537 2737 obsessorum
562 2699 632 2734 Lat
701 2695 903 2744 *ἅπορίασ
918 2696 1073 2731 LAMW
1146 2689 1243 2741 ἧς-
1261 2700 1299 2731 17
1321 2693 1508 2736 πλειάδος]
1533 2704 1608 2738 qna
1624 2695 1784 2738 propter

117 2755 314 2792 siccitatem
338 2756 554 2792 domabatur
577 2756 831 2798 (domabuntur
856 2754 950 2790 coni)
973 2752 1044 2787 Lat
1122 2748 1270 2789 *αὐτὸσ
1293 2751 1354 2786 PF
1429 2754 1467 2785 17
1494 2746 1685 2786 *πλιάδοσ
1708 2748 1737 2782 P

119 2810 242 2848 *κατα
259 2831 302 2837 —
321 2815 362 2848 18
386 2814 534 2858 τείχους
558 2823 626 2847 om.
651 2812 723 2846 Lat
819 2813 858 2846 18
883 2807 1049 2858 *βύριον
1072 2809 1101 2843 Ρ
1194 2804 1327 2845 *αι’-τῶ
1349 2807 1380 2842 F
1453 2812 1492 2842 ’19
1518 2804 1784 2853 *τριορόφουσ

118 2867 166 2902 W
257 2870 297 2902 21
323 2865 514 2915 *τάφρον]
538 2865 689 2916 τάρφον
713 2868 741 2902 Ρ
833 2869 915 2908 *τε]
942 2866 979 2903 δὲ
1003 2866 1062 2900 PF
1154 2867 1218 2901 καὶ
1242 2867 1372 2910 διπλῆν
1396 2874 1465 2899 0111.
1490 2863 1562 2898 Lat
1655 2863 1785 2906 διπλῆν

120 2921 340 2968 τεμόμενος]
377 2927 506 2971 διπλῆν
540 2922 787 2969 τετμώμενοσ
822 2923 851 2957 Ρ
888 2919 946 2959 διὰ
983 2919 1172 2959 πλειόνων
1201 2920 1370 2965 θέμενοσ
1399 2920 1522 2955 AMW
1553 2919 1720 2963 θέμενοσ
1750 2917 1783 2952 Ε

120 2983 332 3015 construens
353 2979 425 3014 Lat
516 2983 558 3015 23
583 2980 839 3027 προσπέσειεν
863 2979 902 3013 Μ

1435 3034 1497 3068 13*

1801 458 1881 498 234

1803 661 1884 701 235

1804 933 1886 974 236

1805 1138 1884 1177 237

1806 1408 1886 1448 238
