2029 3392
525 211 684 255 ANTlQ.
712 210 806 245 1111).
834 210 896 244 XV
925 214 988 244 :m
1014 214 1101 245 ‹351
1128 214 1173 251 (x.
1192 218 1220 243 a.
1241 215 1285 244 ΧΙ.
1305 213 1333 251 ι)
1676 212 1747 246 401

99 331 403 383 προθεσμίας,
431 322 634 382 (Ηρώδής
665 325 711 367 δὲ
741 326 810 366 καὶ
844 341 1016 374 τοιτοις
1052 326 1287 380 αρκεσθεὶς
1324 323 1402 366 τόν
1432 339 1479 365 τε
1511 322 1762 380 Μανάνμον

99 392 264 454 ἂφήκεν
286 394 606 447 δεξιωσόμενος
637 394 706 435 καὶ
741 392 912 442 πάιτας
944 390 1025 434 mc’
1054 393 1217 435 ἐκείνοι
1239 392 1341 442 τοὶ-ς
1366 388 1594 448 Ἐσσήνους
1623 394 1763 444 τιμῶι

99 464 295 507 διετέλει.
346 464 483 504 ταί-ια
522 462 600 514 μὲν
632 452 708 502 οῦν
738 476 775 502 ει
814 462 885 502 καὶ
927 461 1159 515 παριιὸοξα
1200 462 1394 518 ὸιλιῡσαι
1432 468 1526 510 τοῖς
1564 458 1763 514 ἐντυγχά-

100 547 247 575 νουσιι
281 528 527 586 ἠξιώσαμεν
558 545 628 571 και
663 529 765 582 περὶ
797 529 884 568 τοῖν
916 545 1008 582 παρ
1066 528 1165 585 ἡμῖν
1197 529 1410 585 ἐμᾳὼιναι
1453 527 1570 570 διότι
1606 528 1766 569 τολλοὶ

48 609 67 639 5
97 597 205 656 [διὰ]
246 599 457 641 τοιούτων
498 596 582 639 ὑπὸ
623 595 955 650 καλοκαγαθίας
993 598 1065 638 καὶ
1106 613 1182 654 τΓς
1226 599 1313 638 τιῦν
1354 600 1493 638 ιΙείων
1535 594 1768 649 ἐμπειρίας

101 663 343 718 ἀξιοῦνται.

212 736 357 778 X1.1.
399 731 508 774 Τότε
547 726 587 772 δ’
634 720 708 772 οῦν
749 726 1123 774 ὀκτωκαιδεκάτου
1168 734 1245 789 τῆς
1285 728 1490 786 (Ηριόὸου
1535 731 1767 785 βασιλείας

97 803 326 859 γεγονότος
365 800 564 842 ἐνιαυτοῦ
603 797 713 852 μετὰ
755 796 835 848 τὰς
874 802 1198 856 προειρημένας
1244 799 1428 853 πράξεις
1465 799 1589 854 ἔργον
1629 795 1677 840 οὐ
1716 798 1766 840 τό

98 868 227 924 τυχὸν
259 867 521 922 ἐπεβάλετο,
562 865 639 908 τὸν
672 864 779 908 ιεών
809 868 888 908 τοῦ
925 869 1035 908 θεοῦ
1075 863 1134 910 δι’
1173 863 1306 910 αἰτοῦ
1347 867 1768 910 κατασκευάσασθαι

34 947 69 980 10
97 937 232 992 μείζω
262 953 309 979 τε
338 933 414 978 τὸν
446 935 685 989 περίβολον
715 935 788 976 καὶ
823 932 938 987 πρὸς
976 933 1091 989 ὕψος
1129 930 1532 990 ἀξιοπρεπέστερον
1573 934 1768 990 ἐγείρειν,

97 1003 336 1086 ήγοίμενος
367 1000 579 1045 ἁπάντων
613 997 730 1057 αἰνίτιῖ
761 1019 846 1043 των
875 1005 1199 1058 πεπραγμένων
1222 1002 1584 1060 περισημότερον,
1617 996 1769 1055 ω’σπερ

96 1089 161 1129 ην,
194 1071 600 1129 ἐκτελεσάήσεσύαι
632 1071 761 1112 τοῦτο
792 1087 862 1112 και
891 1068 1005 1125 ιρὸς
1037 1069 1216 1113 αἰώνιον
1238 1070 1410 1126 μνήμην
1433 1068 1645 1125 ἀρκέσειν.
1694 1067 1768 1122 ου’-χ

98 1140 274 1196 ἕτοιμον
307 1141 353 1183 δὲ
383 1138 432 1181 τὸ
467 1139 645 1194 πλῆθος
682 1136 976 1191 ἐπιστάμενος
1019 1134 1119 1180 οὐδὲ
1161 1135 1314 1196 ῥᾴδιον
1347 1138 1535 1182 ἔσεσθαι
1566 1136 1679 1193 πρὸς
1718 1137 1766 1179 τὸ

96 1211 288 1263 μέγεθος
308 1210 385 1265 τῆς
407 1205 720 1261 ἐπιχειρήσεως
744 1201 865 1261 ἠξίου
888 1204 1002 1261 λόγῳ
1022 1206 1501 1263 προκαταστησάμενος
1523 1205 1770 1262 ἐγχειρῆσαι

31 1284 67 1316 15
96 1278 159 1332 τῷ
191 1279 340 1327 παντί,
371 1276 445 1318 καὶ
477 1275 744 1329 συγκαλέσας
776 1268 934 1323 αὐτοὺς
966 1273 1083 1330 ἔλεγε
1113 1274 1286 1317 τοιάδε·
1326 1274 1408 1327 ,,τά
1440 1275 1519 1328 μὲν
1551 1270 1662 1315 ἄλλα
1692 1290 1769 1327 μοι

97 1346 185 1386 τῶν
215 1343 325 1386 κατὰ
356 1341 434 1400 τὴν
465 1343 697 1396 βασιλείαν
730 1344 1064 1396 πεπραγμένων,
1105 1339 1258 1397 ἄνδρες
1289 1340 1524 1399 ὁμόφυλοι,
1557 1341 1772 1397 περισσὸν

98 1408 402 1465 ὑπολαμβάνω
434 1412 583 1464 λέγειν,
618 1413 763 1451 καίτοι
793 1410 951 1451 τοῦτον
984 1408 1150 1464 ἐγένετο
1181 1409 1259 1452 τὸν
1288 1410 1477 1464 τρόπον,
1515 1407 1573 1460 ὡς
1605 1409 1771 1452 ἐλάττω

97 1480 177 1534 μὲν
218 1478 317 1533 ἐμοὶ
356 1478 433 1521 τὸν
465 1474 547 1520 ἀπ’
584 1475 726 1520 αὐτῶν
764 1475 949 1530 κόσμον,
991 1479 1132 1520 πλείω
1174 1478 1220 1520 δὲ
1262 1475 1363 1532 ὗμῖν
1404 1477 1481 1534 τὴν
1523 1473 1771 1534 ἀσφάλειαν

99 1563 264 1604 φερειν.
325 1563 424 1589 ουτε
462 1563 544 1602 γαρ
586 1545 630 1589 ἐν
669 1553 762 1594 τοῖς
803 1545 1163 1599 ὸισχερεστάτοις
1202 1542 1425 1624 ἀμελήσας
1466 1548 1552 1588 τιῦν
1592 1545 1654 1596 εἰς
1692 1544 1771 1595 τὰς

31 1624 69 1657 20
97 1612 310 1671 ὑμετέρας
337 1618 488 1668 χρείας
519 1612 822 1670 διαφερόντων
854 1609 955 1655 οὕτε
986 1612 1030 1655 ἐν
1050 1623 1144 1664 τοῖς
1175 1614 1587 1668 κατασκευάσμασιν
1617 1630 1772 1670 επιτη-

102 1683 259 1734 δεύσας
300 1682 474 1738 ἕμαυτῳ
505 1683 673 1736 μᾶλλον
704 1674 730 1738 ἢ
760 1682 832 1723 καὶ
868 1682 1007 1724 πᾶσιν
1040 1678 1140 1735 ὗμῑν
1170 1682 1218 1725 τό
1255 1679 1605 1740 ἀνεπηρέαστον,
1648 1685 1773 1735 οἶμαι

101 1767 180 1796 συν
217 1769 269 1808 τῃ
311 1754 389 1794 τοῦ
428 1752 539 1793 θεοῦ
583 1748 792 1804 βουλήσει
837 1747 951 1803 πρὸς
997 1745 1281 1803 εἰὸαιμονίαν
1320 1745 1426 1792 όσον
1466 1745 1514 1792 οῦ
1555 1749 1771 1803 πρότερον

102 1816 334 1876 ἀγηοχέναι
363 1817 412 1861 τὸ
434 1816 655 1861 Ἰουδαίων
677 1816 822 1866 ἔθνος.
869 1815 923 1858 τὰ
947 1817 1026 1870 μὲν
1048 1808 1123 1860 οῦν
1144 1816 1255 1859 κατὰ
1285 1820 1417 1871 μέρος
1449 1816 1772 1872 ἐξεργασθέντα

101 1889 206 1944 περὶ
236 1885 314 1944 τὴν
341 1885 488 1941 χώραν
518 1887 592 1928 καὶ
623 1884 778 1934 πόλεις
809 1878 918 1934 ὅσας
949 1884 993 1926 ἑν
1016 1880 1124 1941 αὐτῇ
1154 1886 1228 1927 καὶ
1252 1893 1346 1935 τοῖς
1377 1884 1630 1942 ἐπικτήτοις
1661 1884 1770 1940 ἐγεί-

34 1963 71 1996 25
102 1971 255 2011 ραντες
284 1953 436 2010 κόσμῳ
466 1955 530 2009 τῷ
559 1954 782 2009 καλλίστῳ
811 1951 861 1996 τὸ
885 1956 1008 2009 γένος
1031 1950 1150 2010 ἡμῶν
1172 1948 1431 2010 ηὐξήσαμεν,
1463 1952 1673 2008 περίεργά
1696 1969 1773 2006 μοι

219 2082 239 2123 ς·
265 2080 331 2114 380
355 2097 398 2108 =
422 2078 504 2113 ben.
527 2077 606 2112 Iud.
631 2076 649 2111 1
669 2079 748 2112 401.

218 2190 505 2228 PFLAMVWE
515 2190 587 2225 Lat
601 2190 760 2225 Zonaras
785 2190 802 2224 I
826 2201 861 2234 p.
881 2192 958 2225 436.

222 2253 236 2284 1
264 2249 331 2286 *δὲ
354 2248 437 2284 fort.
464 2246 626 2291 spurium
718 2243 789 2283 τόν
805 2259 846 2282 τε
870 2267 913 2271 -
940 2249 982 2280 14
1005 2247 1040 2291 (ξ
1058 2248 1137 2288 381)
1159 2245 1324 2292 μέγεθος
1346 2245 1410 2280 fol.
1430 2247 1511 2279 206*
1535 2245 1601 2279 col.
1620 2248 1631 2278 1
1661 2254 1775 2289 paene

105 2305 294 2340 euanidam
317 2305 340 2340 i.
358 2315 468 2349 marg.
493 2303 638 2339 iterauit
661 2314 707 2338 m
725 2313 796 2338 rec.
815 2302 846 2336 L
938 2300 1132 2347 μανάιμον
1155 2302 1220 2337 FE
1313 2305 1332 2337 3
1359 2296 1427 2339 οὖν
1451 2312 1520 2337 om.
1545 2300 1575 2334 F
1670 2304 1689 2335 5
1715 2297 1773 2337 διὰ

104 2361 208 2397 eiecit
224 2361 368 2406 Cocceji
438 2355 634 2401 τοιούτων]
660 2356 808 2396 τούτων
824 2359 852 2394 Ρ
922 2362 987 2405 τῆς
1011 2369 1080 2394 om.
1097 2359 1128 2394 L
1199 2363 1216 2393 7
1242 2359 1265 2393 i.
1283 2369 1393 2403 marg.
1413 2355 1458 2404 ιη’
1476 2357 1506 2391 L
1532 2355 1638 2392 XIII
1660 2357 1731 2392 Lat

105 2414 142 2455 δ
168 2413 250 2461 οὖν]
275 2412 344 2455 οὖν
364 2417 429 2453 LV
454 2419 547 2464 γοῦν
570 2416 602 2451 Ε
695 2416 758 2462 *ιη
766 2413 824 2451 'V
849 2416 1025 2451 decimum
1049 2417 1212 2462 quintum
1237 2426 1370 2450 annum
1393 2415 1504 2450 tradit
1529 2415 1704 2450 be11.1ud.

106 2478 126 2511 9
151 2471 302 2522 *τυχὼν
318 2475 348 2509 L
430 2471 664 2521 ἐπεβάλλετο
683 2472 782 2507 FLE
864 2470 964 2509 *νεὼ
991 2473 1093 2509 ΡΑΜ
1173 2469 1290 2509 αὑτοῦ
1305 2473 1338 2506 A
1363 2469 1489 2508 αὐτῶν
1506 2471 1551 2504 W
1633 2472 1775 2507 *κατα-

107 2529 315 2569 σκευάσθαι
337 2532 371 2564 A
394 2527 676 2567 κατασκευάσαι
693 2529 740 2562 W
837 2532 875 2563 10
901 2524 1258 2577 ἀξιοπρεπέστερον]
1283 2529 1395 2563 PZon
1422 2523 1776 2574 άξιοπρεπέστατον

105 2586 360 2623 FLAMVWE
448 2590 486 2622 11
513 2582 634 2623 *αὐτὸ
660 2586 690 2620 L
775 2582 1081 2633 *ἐπισημότερον
1099 2585 1197 2620 FLV
1283 2589 1327 2619 14
1350 2580 1468 2629 *ήξίω
1486 2584 1532 2618 W
1622 2587 1660 2619 16
1685 2587 1774 2626 τῶν]

106 2641 152 2681 τὰ
178 2643 209 2678 L
290 2643 550 2691 πεπραγμένα,
576 2657 621 2678 να
643 2652 687 2677 ex
704 2655 780 2678 νων
801 2652 894 2677 corr.
912 2641 942 2676 L
967 2638 1204 2689 πραγμάτων
1219 2642 1252 2676 V
1333 2638 1478 2688 ἄνδρες]
1504 2651 1524 2675 ο
1543 2641 1614 2675 uiri
1638 2641 1708 2675 Lat

109 2704 148 2735 17
174 2697 456 2748 ὑπολαμβάνω·
483 2699 514 2734 L
641 2700 766 2735 καίτοι
791 2701 940 2740 τοῦτον]
972 2701 1036 2734 καὶ
1064 2701 1242 2734 τοιοῦτον
1265 2696 1325 2732 PF
1453 2699 1603 2739 τοῦτον]
1636 2699 1776 2733 τοῦτον

107 2757 178 2802 μὲν
200 2757 240 2791 Μ
357 2760 396 2792 18
422 2753 503 2798 τὸν]
536 2758 613 2792 τῶν
637 2756 746 2790 PAW
863 2750 946 2796 εἶπ’,
981 2750 1006 2791 οἷ
1038 2755 1061 2790 i.
1086 2764 1156 2789 ras.
1181 2754 1210 2788 F
1325 2749 1394 2790 εἶπ’
1425 2749 1560 2795 αἰτῶν]
1593 2750 1777 2790 ἁπάντων

108 2813 237 2848 PA¹W
319 2807 479 2858 κόσμων
496 2813 522 2847 Ρ
609 2807 800 2859 οἷσφάλιαν
816 2812 844 2846 Ρ
939 2814 976 2846 21
1003 2808 1090 2857 ἡμῖν
1105 2811 1136 2845 F
1230 2807 1346 2855 οἶμαι]
1372 2806 1466 2846 εἶναι
1483 2810 1516 2844 V
1608 2813 1649 2845 23
1675 2805 1778 2857 ἅγιο-

106 2870 215 2916 χέναι
238 2870 266 2904 Ρ
299 2865 513 2916 οἷγειοχέναι
536 2869 568 2903 L
692 2866 790 2906 κατὰ
815 2869 932 2915 μέρος
964 2879 1033 2904 om.
1059 2868 1098 2902 M
1217 2865 1508 2915 ἐξειργασθέντα
1537 2865 1651 2902 FVW
1674 2866 1775 2914 ἐξηρ-

109 2926 303 2973 γασθέντα
326 2925 358 2960 L
382 2925 671 2974 ἐξεργασθέντα,
696 2940 714 2963 ε
731 2930 814 2961 ante
833 2939 854 2973 ρ
879 2927 900 2960 i.
919 2935 988 2960 ras.
1008 2927 1041 2959 A
1121 2927 1165 2959 24
1189 2921 1335 2966 πόλεισ,
1360 2936 1418 2960 εισ
1442 2933 1488 2958 ex
1512 2937 1547 2959 ιν
1571 2933 1661 2959 corr.
1680 2923 1709 2958 P

112 2980 219 3029 αὐτῇ]
245 2981 378 3019 αὕτοῖσ
400 2983 440 3017 Μ
531 2976 749 3029 ἐπικλήτοισ
765 2983 813 3017 W
906 2984 948 3016 25
972 2979 1079 3025 ὑμῶν
1104 2980 1134 3014 V

183 3044 320 3078 Iosephus
338 3044 390 3071 111.
1463 3038 1505 3069 ‘26

1797 461 1877 501 379

1799 728 1880 769 380

1801 1070 1877 1110 381

1802 1270 1882 1311 382

1802 1542 1883 1584 383

1803 1815 1886 1856 384
