2107 3377
218 762 271 803 93

218 1033 274 1073 94

304 169 385 207 256
745 159 914 215 ΑΗΚ).
939 170 1036 206 IUD.
1061 171 1147 206 X1v
1173 174 1306 207 91—95
1331 173 1375 214 (v.
1391 178 1419 204 ι.
1437 175 1480 203 v1.
1498 173 1528 215 1)

304 283 348 327 ἐν
381 283 601 339 Γαδάροις
633 284 675 326 οἱ
706 283 753 326 δὲ
784 282 828 326 ἐν
857 278 1154 338 Ἀμαθοῦντι,
1184 288 1388 341 τέταρτοι
1421 280 1461 328 δ’
1496 275 1607 343 ἦσαν
1639 284 1684 328 ἓν
1709 283 1989 342 Ἱεριχοῦντι,“

303 353 376 394 καὶ
406 350 455 396 τὸ
481 355 686 406 πέμπτον
709 350 751 393 ἐν
773 350 1050 408 Σαπφώροις
1078 355 1155 411 τῆς
1177 354 1435 403 Γαλιλαίας.
1484 354 1556 396 καὶ
1579 353 1622 396 οἱ
1641 353 1722 408 μὲν
1742 349 1971 412 ἀπηλλαγ-

303 422 430 474 μένοι
460 419 720 469 δυναστείας
751 417 794 461 ἐν
827 414 1142 478 αριστοκρατίᾳ
1174 420 1334 477 διῆγον.

417 489 487 531 VI.
524 492 559 530 1.
589 484 930 542 Άριστοβουλου
963 487 1009 530 δὲ
1032 487 1293 544 διαδράντος
1324 487 1369 531 ἐκ
1385 483 1547 544 Ῥώμης
1578 487 1642 538 εἷς
1660 486 1739 545 τὴν
1754 483 1972 533 Ἰουδαίαν

304 557 378 598 καὶ
408 554 456 598 τὸ
489 551 840 610 Ἀλεξάνδρειον,
882 549 994 613 όπερ
1033 555 1086 614 ἦν
1118 557 1275 599 νεωστὶ
1313 558 1688 610 κατεσκαμμένον,
1729 551 1973 608 ἀνακτίζειν

305 626 673 680 προαιρουμένου,
696 625 867 677 πέμπει
878 627 919 666 Γ
917 623 1128 679 αβινιος
1111 619 1184 667 επ’
1211 619 1345 666 αυτὸν
1368 623 1643 679 στρατιώτας
1663 624 1737 666 καὶ
1757 620 1974 681 ἡγεμόνας

305 693 516 734 Σισένναν
546 707 594 733 τε
617 691 690 733 καὶ
710 686 945 734 Ἀντώνιον
976 694 1048 735 καὶ
1070 693 1324 747 Σερουίλιον
1354 687 1634 742 κωλύσοντάς
1663 707 1711 734 τε
1741 690 1789 734 τὸ
1809 695 1974 747 χωρίον

305 754 438 801 αἶ·τὸν
458 767 690 812 κατασχεῖν
716 760 789 801 καὶ
813 760 1173 816 συλληψομένους
1197 755 1341 803 αὐτόν.
1393 760 1555 802 πολλοὶ
1577 758 1620 801 δ’
1645 754 1973 816 Ἀριστοβούλῳ

303 827 391 869 τῶν
417 821 642 869 Ἰουδαίων
679 825 790 870 κατὰ
825 826 904 885 τὴν
935 826 1134 870 παλαιὰν
1166 824 1362 870 εὔκλειαν
1393 830 1664 883 προσέρρεον
1703 829 1774 870 καὶ
1818 826 1868 882 δὴ
1900 829 1974 871 καὶ

304 896 535 950 νεωτέροις
562 898 791 951 χαίροντες
822 891 892 939 ἀεὶ
922 907 1201 951 πραγιιασιν·
1233 894 1496 945 Πειθόλαος
1525 912 1628 950 γουν
1649 911 1718 946 τις
1747 893 1976 951 υποστρά-

302 977 433 1019 τηγος
474 960 518 1004 ἐν
545 959 864 1017 Ἱεροσολύμοις
904 980 964 1004 ων
995 961 1106 1017 μετὰ
1140 963 1294 1016 χιλίων
1337 958 1634 1020 ηυτοιιόλησεν
1675 962 1789 1018 πρὸς
1821 958 1974 1006 αἰτόν·

305 1029 348 1072 οἱ
380 1029 426 1072 δὲ
457 1030 619 1074 πολλοὶ
649 1033 737 1072 τῶν
767 1033 1138 1086 προστιθειιένων
1171 1027 1285 1086 ἦσαν
1317 1026 1521 1074 ἄνοπλοι.
1582 1029 1805 1086 διεγιιόκει
1835 1025 1876 1072 δ’
1912 1029 1977 1080 εις

305 1099 627 1152 Μαχαιροῦντα
661 1093 1005 1141 ἀπανίστασθαι
1035 1093 1396 1153 Ἀριστόβουλος·
1438 1097 1618 1148 τούτους
1648 1098 1726 1152 μὲν
1758 1096 1833 1141 οὖν
1865 1093 1977 1141 ἇπέ-

306 1165 432 1206 λυσεν
465 1163 663 1221 ἀπόρους
683 1162 834 1216 ὄντας·
867 1161 915 1208 οὗ
937 1163 1019 1221 γὰρ
1043 1164 1236 1220 ἐγίνοντο
1260 1161 1379 1220 αὐτῷ
1397 1165 1606 1220 χρήσιμοι
1629 1165 1742 1221 πρὸς
1771 1183 1826 1209 τα
1849 1164 1976 1222 ἔργα·

303 1231 406 1282 τοὺς
446 1228 488 1274 δ’
524 1230 832 1287 ὡπλισμένους
870 1235 976 1289 περὶ
1011 1228 1360 1286 ὀκτακισχιλίους
1399 1229 1530 1283 ὄντας
1562 1228 1796 1288 ἀναλαβών
1826 1230 1978 1290 ᾤχετο.
2028 1241 2043 1250 ’

305 1301 374 1351 καὶ
398 1300 750 1355 προσπεσόντων
774 1297 924 1352 αὐτοῖς
949 1303 1037 1343 τῶν
1055 1298 1280 1355 Ῥωμαίων
1309 1303 1529 1356 καρτερῶς
1549 1298 1768 1358 ἡττῶνται
1788 1303 1842 1358 τῇ
1862 1300 1976 1358 μάχῃ

302 1372 513 1424 γενναίως
545 1369 588 1411 οἱ
613 1363 821 1412 Ἰουδαῖοι
850 1371 923 1413 καὶ
955 1368 1206 1425 προθύμως
1237 1364 1580 1424 ἀγωνισάμενοι,
1617 1371 1901 1424 βιασαμένων
1931 1384 1980 1412 τε

302 1439 390 1479 τιῦν
412 1437 640 1491 πολεμίων
673 1435 736 1486 εἷς
767 1435 907 1494 φυγὴν
936 1439 1192 1493 τρέπονται.
1241 1437 1314 1479 καὶ
1337 1435 1600 1493 φονεύονται
1630 1437 1710 1492 μὲν
1740 1432 1885 1479 αὐτῶν
1915 1435 1979 1487 εἷς

418 1561 439 1604 ξ
465 1563 505 1595 91
533 1579 578 1591 =
602 1560 684 1595 bell.
710 1560 788 1596 Iud.
813 1560 830 1594 1
860 1564 933 1596 170.

418 1673 785 1708 PFLAMVWELat
798 1673 958 1709 Zonaras
984 1673 1001 1707 I
1025 1684 1059 1718 p.
1080 1676 1157 1708 403.

422 1734 435 1764 1
463 1724 684 1777 *γαδιόροισ
707 1730 735 1764 Ρ
805 1725 869 1766 *δ’
887 1728 928 1766 ἐν
952 1730 984 1765 V
1054 1725 1328 1775 *αμμαθοῦντι
1353 1729 1380 1764 Ρ
1405 1726 1551 1774 αμαθεῖ
1574 1730 1618 1794 ΙΨ
1697 1729 1735 1766 δὲ
1758 1729 1825 1764 VE
1895 1727 1974 1770 *ἐν]

305 1785 342 1823 οἱ
365 1785 406 1823 ἐν
430 1786 650 1821 FLAMVW
733 1789 987 1834 *ιεριχοῦντοι
1011 1787 1041 1820 L
1137 1789 1154 1820 2
1182 1789 1241 1822 Σα
1245 1781 1431 1832 πφωροις]
1457 1781 1672 1833 σαφούροισ
1697 1786 1724 1820 Ρ
1749 1779 1976 1833 σεπφιόροισ

304 1842 334 1876 F
361 1840 610 1888 σεπφώρειυ,
635 1856 653 1879 ε
678 1853 720 1878 ex
746 1857 780 1883 α,
808 1856 838 1879 ει
864 1852 907 1877 ex
933 1855 953 1877 ο
974 1853 1062 1876 corr.
1082 1843 1115 1875 A
1140 1837 1334 1889 σεπφιόρει
1353 1843 1423 1877 LM
1450 1837 1672 1888 σαπφόροισ
1689 1842 1722 1876 V
1746 1836 1978 1888 oczpupw'90u5

305 1899 353 1933 W
378 1894 598 1945 σαπφύροισ
624 1899 656 1933 Ε
680 1900 745 1939 (in)
768 1899 916 1943 sefforIs
939 1899 1011 1933 Lat
1037 1899 1242 1946 Σέπφωρις
1265 1900 1347 1934 bell.
1367 1899 1442 1934 Iud.
1461 1899 1477 1932 I
1500 1903 1560 1933 170
1635 1901 1875 1942 *Γαλιλαίας1
1902 1899 1981 1936 ἰου-

305 1957 419 1992 δαίασ
443 1956 599 1992 AMVW
670 1960 688 1989 3
716 1958 813 2001 *τῆσ
837 1957 1061 1993 δυναστείασ
1087 1956 1117 1991 V
1194 1952 1488 2003 α’ριστοκρατεία
1513 1955 1666 1990 FLMW
1691 1952 1980 2003 ἀριστοκρατία,

307 2036 321 2071 ι’
343 2036 365 2071 i.
383 2045 454 2070 ras.
473 2045 564 2070 corr.
583 2036 617 2069 A
634 2030 947 2081 α’ριστοκρατιάισ
964 2035 996 2069 Ε
1066 2037 1205 2081 διῆγον]
1225 2037 1319 2081 ἦσαν
1336 2034 1394 2069 Pb
1398 2035 1475 2074 LE
1501 2035 1696 2079 ascriptum
1721 2016 1781 2082 >gg
1796 2038 1925 2082 διῆγον
1948 2034 1979 2070 F

421 2095 441 2125 4
466 2092 488 2126 i.
514 2101 624 2136 marg.
650 2086 696 2128 ις’
719 2091 781 2126 FL
806 2090 915 2126 XIII
935 2091 1006 2126 Lat
1113 2095 1132 2126 5
1158 2089 1429 2137 *α’λεξιὲνδριον
1454 2091 1587 2127 PFLM
1613 2097 1647 2127 et
1671 2102 1714 2127 ex
1739 2102 1830 2127 corr.
1855 2092 1889 2126 A

306 2149 462 2185 *νεοστὶ
486 2148 514 2182 Ρ
621 2144 848 2192 ἀνακτίζειν]
875 2143 1125 2193 ἀνατειχίζειν
1148 2148 1406 2183 FLAMVWE
1431 2159 1612 2183 renouare
1636 2148 1718 2192 Lat,
1743 2148 1789 2184 cf.
1817 2151 1837 2192 ξ
1863 2151 1905 2184 87

309 2209 327 2239 b
352 2201 442 2242 *ἐπ’
447 2207 455 2247 J
482 2217 586 2250 προσ
601 2204 823 2239 PLAMVW
895 2208 911 2238 ἵ
939 2202 1114 2242 σισέννοι
1131 2205 1180 2238 A¹
1204 2201 1379 2241 σισεννὸν
1396 2205 1443 2238 W
1459 2205 1610 2240 sisinnio
1637 2205 1708 2240 Lat
1779 2199 1980 2251 σερούϊλον

308 2262 334 2296 Ρ
353 2261 566 2309 σερουιδιον
583 2261 645 2295 FL
664 2261 882 2309 σαρουΐδιον
902 2261 1024 2296 AMW
1043 2262 1278 2308 σεροῑύίλιον
1290 2261 1322 2296 V
1346 2264 1568 2311 §spot-wama
1586 2261 1876 2301 bell.1ud.§171
1897 2261 1981 2296 libri

308 2297 470 2353 melidres
540 2313 811 2355 *xwhssoavm'o
832 2317 879 2352 W
949 2321 968 2353 8
994 2319 1231 2364 *κατασχεῖν]
1256 2318 1460 2353 reconstrui
1475 2317 1546 2353 Lat
1619 2316 1981 2364 *σιλλημψομένουσ

307 2375 335 2409 P
360 2368 653 2421 συλληψόμενοσ
670 2375 718 2408 A¹
787 2374 826 2411 δὲ
844 2373 876 2408 Ε
947 2379 966 2410 9
990 2371 1102 2417 κατα]
1126 2372 1224 2411 κατά
1250 2387 1289 2410 τε
1309 2374 1387 2408 coni
1462 2378 1499 2409 10
1527 2370 1584 2410 αἐὶ
1603 2385 1670 2409 om.
1690 2374 1982 2410 FLAMVWLat

421 2426 662 2474 *Πειθόλαος
685 2434 788 2478 γοῦν]
804 2434 878 2468 ’καὶ
902 2432 1117 2469 πειθόλαοσ
1140 2433 1232 2478 γοῦν
1249 2430 1276 2465 Ρ
1302 2441 1366 2464 nec
1383 2442 1454 2465 ηοη
1474 2430 1710 2477 ecplze'tolaus
1726 2431 1798 2466 Lat
1869 2434 1907 2468 11
1927 2428 1982 2467 ω“ν

307 2499 377 2524 om.
402 2488 467 2523 PE
540 2490 580 2523 12
605 2487 669 2525 *οι
693 2488 733 2525 δὲ
758 2491 905 2531 πολλοὶ]
932 2491 1067 2524 πολλοὶ
1092 2488 1131 2525 δὲ
1155 2487 1373 2522 FLAMVW
1401 2492 1435 2521 et
1460 2491 1499 2521 ut
1523 2488 1594 2523 uid.
1621 2487 1691 2522 Lat
1761 2482 1982 2534 *διεγνώκει

306 2566 351 2571 -
372 2548 411 2579 14
431 2543 559 2588 ὄντας]
577 2556 669 2590 quos
685 2544 770 2580 decr
773 2546 846 2581 emt
863 2556 900 2580 m
918 2545 1149 2580 macherunte
1164 2555 1312 2590 ponere,
1338 2544 1556 2579 aristobolus
1579 2555 1634 2578 ει(
1613 2555 1668 2589 Jo
1693 2554 1756 2579 eos
1781 2544 1844 2589 qui
1868 2543 1982 2579 armis

306 2603 434 2649 inopes
450 2609 555 2637 erant
572 2602 706 2637 dimiszt
723 2602 806 2641 Lat,
832 2602 891 2646 qui
908 2597 1195 2649 ’4ριστόβοιλος
1212 2605 1292 2646 post
1316 2596 1502 2637 cim-&hwa
1519 2601 1644 2645 legisse
1661 2599 1733 2635 uid.
1805 2601 1910 2646 *διεγ
1913 2613 1982 2636 νω-

307 2655 388 2695 κώσ
405 2658 625 2693 FLAMVW
696 2659 734 2695 δὲ
751 2658 1006 2694 FLAMVWE
1081 2662 1119 2693 13
1144 2656 1445 2694 *ἐπανίστασθαι
1462 2657 1490 2691 Ρ
1560 2657 1656 2693 *οὖν
1673 2667 1741 2691 om.
1759 2655 1980 2691 FLAMVW

427 2719 467 2750 14
484 2711 668 2763 α’πόρους]
688 2709 971 2762 α’ριστόβουλοσ
990 2715 1176 2760 :expunxit
1189 2725 1233 2748 m.
1254 2708 1491 2756 l)cc'1·o'71).02.·‹5
1507 2713 1532 2747 P
1551 2709 1747 2750 α’νόπλουσ
1760 2712 1792 2748 Ε
1863 2707 1981 2750 *ἀπό-

311 2786 399 2817 ρους
419 2770 530 2815 ὄντας
546 2773 671 2808 melius
689 2772 791 2807 abest
861 2768 905 2809 οὐ
929 2769 1015 2819 γὰρ]
1043 2770 1079 2808 οἳ
1097 2771 1159 2807 ΡΕ
1229 2767 1295 2807 *οὐ
1312 2768 1385 2817 γὰρ
1404 2790 1445 2794 -
1463 2767 1554 2816 ἔργα
1573 2780 1641 2804 om.
1661 2770 1731 2804 Lat
1798 2767 1978 2816 ἐγένοντο

309 2829 341 2863 Ε
413 2826 522 2876 πρὸς]
548 2829 604 2865 εἰσ
630 2828 662 2863 Ε
739 2832 775 2864 15
801 2829 837 2866 δὲ
862 2828 1118 2864 FLAMVWE
1188 2823 1470 2871 *ὁπλισμιῖνουσ
1496 2827 1541 2860 W
1617 2829 1654 2861 16
1680 2827 1784 2862 *τῶν
1808 2836 1877 2861 om.
1903 2825 1933 2860 L

309 2885 376 2920 litt.
403 2899 463 2921 ται
489 2888 587 2931 τῆ-
610 2889 645 2920 ιῖ
665 2886 825 2922 ἰουὸαῖοι
849 2887 990 2930 καίπερ
1014 2886 1036 2920 i.
1062 2895 1134 2920 ras.
1161 2884 1356 2929 spatiosius
1381 2883 1517 2928 scripta
1534 2894 1577 2918 m.
1597 2888 1616 2917 2
1634 2885 1665 2918 A
1740 2886 1775 2918 Π
1796 2883 1980 2929 γενναίως

310 2952 378 2977 om.
407 2942 655 2977 FLAMVLat
746 2945 822 2985 καὶ]
846 2944 985 2987 καίπερ
1009 2941 1082 2976 AM
1108 2945 1143 2977 et
1166 2946 1206 2977 ut
1230 2941 1300 2977 uid.
1326 2940 1397 2976 Lat
1470 2943 1518 2982 τι]
1546 2949 1635 2975 eras.
1661 2941 1693 2974 A
1718 2951 1787 2976 om.
1814 2939 1852 2973 M
1876 2939 1914 2977 δὲ
1932 2939 1979 2974 W
