2029 3392
783 212 971 247 Praefatio.
1592 211 1618 244 X
1628 211 1708 245 xxi

50 333 127 376 XV
155 336 230 374 150
263 333 318 385 (p.
342 330 435 382 359,
459 331 519 380 ὃ),
559 341 655 369 nain
689 326 753 368 his
785 326 962 378 aliisque
996 325 1098 367 iocis
1129 326 1185 367 Α1
1218 324 1367 367 cadem
1401 324 1598 366 habuisse
1638 339 1708 379 ap-

50 404 188 456 paret,
223 410 331 452 quae
362 395 489 438 habet
521 394 593 445 W;
636 394 912 448 reputandum
945 393 1054 434 enirn
1087 398 1169 446 est,
1210 406 1318 446 quae
1350 393 1390 434 in
1424 393 1457 433 A
1492 392 1532 434 in
1565 406 1709 434 rasura

51 471 219 520 extant,
257 463 440 520 pressius
471 461 628 517 scripta
659 475 774 515 esse,
817 467 860 502 ut
900 461 1098 514 pauciora
1134 460 1262 502 fuisse
1302 473 1427 513 quam
1470 473 1576 501 nune
1617 466 1710 501 sunt

50 536 264 590 appareat.

163 602 251 644 lam
282 611 381 641 uero
411 596 578 639 codices
608 596 747 639 ΛΜΨ
778 594 948 637 minime
978 595 1037 636 ita
1067 600 1163 636 sunt
1195 595 1302 636 inter
1331 607 1376 636 se
1408 594 1637 646 coniuncti,
1669 602 1713 636 ut

50 680 216 723 semper
244 664 477 708 aduersarii
509 663 592 706 sint
621 664 742 706 alteri
774 662 933 716 generi,
965 662 1082 705 euius
1113 667 1208 704 sunt
1230 662 1386 714 PFLV,
1417 662 1492 704 sed
1515 675 1606 703 curn
1629 662 1711 704 sin-

49 734 159 790 gulis
186 745 327 775 eorum
351 732 481 774 multa
503 732 738 773 communia
762 731 929 774 habent.
976 731 1123 772 omitto
1148 730 1409 782 Leidensem,
1442 742 1564 782 quem
1588 743 1714 784 supra

50 801 140 844 dixi
170 806 254 843 tam
285 812 415 854 saepe
446 812 539 841 cum
563 799 623 841 eis
645 799 796 852 facere,
829 804 873 841 ut
895 798 1074 850 dubites,
1107 798 1187 839 utri
1218 796 1326 851 parti
1351 796 1625 839 ascribendus
1646 796 1714 839 sit.

49 881 126 912 nec
147 874 378 912 memoratu
401 867 574 920 dignum
597 866 762 908 uidetur
780 869 819 919 ¹),
844 865 991 919 sicubi,
1017 866 1059 908 id
1081 864 1194 918 quod
1217 878 1312 907 raro
1334 864 1501 917 accidit,
1532 865 1565 906 F
1587 867 1659 907 aut
1679 865 1714 906 V

49 949 142 980 eum
165 935 299 978 AMW
322 935 595 978 consentiunt.
638 939 681 976 at
713 933 998 977 memorabilis
1029 937 1093 976 est
1124 944 1351 975 consensus
1380 945 1522 974 eorum
1552 946 1646 974 cum
1667 933 1714 986 P,

51 1004 123 1058 qui
153 1008 199 1046 ut
228 1016 308 1045 non
340 1002 569 1046 admodum
600 1003 795 1054 frequens
826 1007 900 1055 est,
932 1001 992 1043 ita
1021 1014 1102 1043 non
1133 1000 1257 1043 nimis
1287 1013 1381 1043 raro
1403 999 1568 1052 accidit,
1600 1000 1717 1042 uelut

51 1074 456 1126 X1551p.11‚12›,
493 1074 562 1111 141
601 1073 654 1124 (p.
679 1072 854 1124 31‚1s)‚
892 1070 1326 1123 X1175(p.165‚5),
1364 1071 1440 1109 114
1471 1069 1638 1121 (p.171‚
1663 1070 1716 1121 9),

53 1143 130 1183 301
157 1142 210 1195 (p.
229 1141 324 1192 207,
347 1141 423 1192 12),
455 1140 536 1179 412
568 1140 622 1192 (p.
642 1139 736 1191 228,
758 1139 837 1190 19),
869 1137 934 1179 cui
957 1135 1177 1179 consensui
1203 1149 1400 1189 magnam
1423 1136 1717 1178 auctoritatem

52 1207 317 1251 tribuendam
350 1219 442 1249 esse
472 1210 662 1260 apparet.
711 1205 787 1249 sed
817 1205 923 1247 haee
955 1218 1047 1247 eun]
1070 1205 1103 1246 P
1124 1207 1196 1246 aut
1216 1204 1250 1246 L
1271 1203 1457 1246 affinitas
1479 1217 1564 1246 non
1585 1203 1716 1246 omni-

55 1277 133 1319 bus
162 1274 311 1319 eadem
343 1278 424 1327 est;
466 1287 560 1315 nam
595 1273 810 1316 obseruari
842 1277 980 1327 potest
1008 1274 1047 1314 A
1077 1275 1308 1314 correctum
1339 1276 1380 1314 et
1409 1271 1451 1313 M
1491 1275 1531 1313 et
1569 1270 1719 1312 utrius-

55 1356 138 1397 que
168 1343 398 1395 marginem
429 1341 601 1395 propius
631 1340 833 1383 accedere
864 1340 918 1382 ad
941 1340 986 1394 L,
1019 1343 1165 1382 eontra
1185 1340 1241 1381 A¹
1264 1344 1305 1382 et
1326 1339 1378 1380 W
1409 1338 1552 1393 paullo
1584 1338 1718 1392 magis

55 1410 298 1454 coniunctos
330 1421 422 1450 esse
453 1422 545 1450 cum
569 1409 613 1461 P,
644 1407 689 1450 id
719 1407 831 1461 quod
862 1420 943 1450 uno
966 1407 1162 1462 exemplo
1183 1406 1495 1450 demonstrasse
1517 1406 1620 1448 satis
1642 1406 1719 1448 erit

55 1478 139 1520 XlI
176 1481 250 1519 136
281 1480 336 1531 (p.
361 1480 426 1527 95,
450 1479 542 1529 23),
583 1489 664 1529 quo
696 1476 930 1518 continetur
959 1476 1239 1527 fragmentum
1269 1474 1569 1528 Polybianum,
1602 1474 1720 1517 cuius

56 1558 156 1600 pars
185 1557 293 1587 nunc
323 1545 442 1586 abest
471 1557 497 1585 a
522 1544 609 1584 PW
642 1547 683 1584 et
712 1543 817 1585 afuit
848 1542 946 1584 olim
977 1542 1031 1583 ab
1060 1545 1117 1594 A,
1156 1556 1237 1595 quo
1277 1544 1432 1584 factum
1465 1546 1548 1596 est,
1587 1547 1632 1584 ut
1671 1555 1722 1586 ea

57 1613 200 1665 uerba,
231 1624 339 1664 quae
371 1612 568 1665 supplent
597 1611 705 1652 FLV
728 1617 769 1652 et
798 1611 943 1663 paullo
965 1611 1089 1651 aliter
1110 1609 1150 1650 M
1174 1614 1214 1650 et
1234 1610 1271 1650 A
1297 1615 1519 1663 correctus,
1551 1609 1722 1652 minoris

55 1680 140 1723 sint
167 1678 430 1721 auctoritatis
460 1690 539 1720 nee
569 1682 682 1720 certo
714 1677 909 1719 constitui
938 1677 1151 1730 possint.2)

169 1747 396 1789 Praeterea
418 1744 469 1786 W
499 1757 581 1787 non
613 1757 707 1787 raro
738 1744 792 1785 ab
823 1745 903 1785 AM
935 1743 1096 1786 secedit
1126 1750 1168 1785 et
1197 1749 1270 1785 ant
1299 1744 1413 1786 solus
1444 1757 1519 1798 per
1547 1758 1594 1787 se
1625 1749 1721 1799 stat,

57 1821 131 1858 aut
160 1827 253 1856 cum
283 1814 317 1855 P
348 1817 421 1854 aut
451 1826 543 1855 cum
575 1812 610 1854 L
641 1812 917 1865 coniungitur.
969 1815 1010 1853 et
1041 1824 1150 1864 quae
1179 1812 1293 1854 solus
1320 1811 1450 1854 habet
1480 1825 1608 1866 saepe
1639 1825 1721 1855 non

57 1882 199 1936 magni
237 1886 333 1923 sunt
370 1880 564 1923 facienda
579 1882 632 1932 3),
673 1884 736 1922 est
773 1883 915 1922 tamen
945 1879 1018 1921 ubi
1056 1879 1171 1922 solus
1202 1879 1310 1921 inter
1340 1880 1507 1922 codices
1546 1893 1723 1934 graecos

0 2002 1 2007 ¹
57 1963 201 1993 uerum
231 1949 422 2001 seruarit,
453 1947 497 1989 id
528 1946 641 2002 quod
672 1948 981 1990 demonstratur
1008 1947 1192 1989 maxime
1222 1946 1330 1990 libro
1350 1947 1432 2001 X1;
1466 1961 1563 1990 nam
1592 1949 1618 2001 ξ
1644 1949 1721 1989 149

58 2020 113 2072 (p.
137 2018 272 2071 33,9)
312 2015 528 2069 egregium
569 2019 632 2057 est
676 2016 821 2069 reique
866 2016 987 2058 uniee
1026 2015 1391 2058 accommodatum
1437 2015 1549 2068 quod
1595 2015 1726 2058 habet

57 2082 282 2139 ὑπαίθρῳ,
313 2097 397 2126 non
427 2097 520 2126 eum
547 2083 720 2136 reliquis
752 2079 957 2138 ὑπερῴῳ,
990 2086 1032 2126 et
1061 2084 1086 2134 ξ
1111 2085 1161 2123 12
1192 2085 1245 2136 (p.
1266 2085 1303 2136 6,
1321 2085 1362 2133 9)
1392 2083 1524 2125 uerba
1555 2081 1616 2132 εἰς
1646 2082 1724 2139 τὴν

60 2151 175 2194 ἰδίαν
199 2148 454 2194 ἀπελθοῦσι
487 2149 696 2205 πατρίδα,
727 2163 836 2203 quae
858 2150 928 2192 uix
951 2150 1102 2192 abesse
1123 2154 1311 2204 possunt,
1341 2151 1396 2193 ab
1418 2164 1468 2193 eo
1492 2151 1724 2205 traduntur,

59 2225 101 2264 et
129 2222 154 2272 ξ
175 2222 254 2261 207
267 2231 330 2272 sq.
355 2221 407 2273 (p.
432 2222 498 2272 44,
520 2220 543 2259 2
567 2223 610 2261 et
631 2220 672 2267 4)
702 2218 838 2271 magis
868 2218 1038 2272 placent
1062 2231 1171 2271 quae
1191 2219 1234 2260 in
1255 2231 1304 2260 eo
1325 2223 1434 2272 sunt,
1467 2231 1594 2271 quam
1615 2231 1724 2273 quae

59 2288 211 2342 reliqui
241 2287 455 2330 exhibent.
504 2286 600 2329 aliis
631 2298 800 2339 quoque
831 2285 956 2339 locis,
996 2285 1112 2327 uelut
1140 2286 1203 2327 XI
1232 2287 1258 2338 ξ
1288 2290 1340 2327 40
1378 2286 1519 2340 (p.11,
1542 2286 1629 2339 17),
1671 2288 1721 2328 61

60 2358 116 2410 (p.
137 2357 201 2410 16,
224 2358 278 2408 5),
313 2357 391 2396 105
424 2356 479 2409 (p.
502 2356 569 2414 24,
591 2356 670 2408 18),
706 2356 782 2395 196
817 2357 872 2408 (p.
896 2355 1048 2407 42,10)
1078 2352 1206 2395 ualde
1235 2353 1423 2396 arrident
1453 2366 1563 2406 quae
1583 2354 1726 2408 tradit,

60 2436 138 2466 nec
167 2422 336 2475 dubito,
377 2423 476 2475 quin
506 2422 585 2463 XV
607 2424 687 2464 312
719 2423 774 2477 (p.
800 2423 893 2474 358,
917 2422 956 2472 8)
988 2433 1037 2463 eo
1069 2427 1239 2464 auctore
1268 2420 1535 2464 scribendum
1566 2422 1620 2462 sit
1648 2423 1726 2463 τοῦ

61 2486 228 2546 ἀμήτου
249 2514 305 2520 -
329 2485 674 2543 ὑποφαίνοντος,
706 2503 790 2532 non
815 2484 1128 2542 ὑποφανέντος.
1176 2489 1387 2530 interdum
1407 2489 1441 2530 P
1471 2488 1553 2530 sibi
1575 2489 1727 2532 asciuit

174 2638 207 2677 1)
231 2633 499 2669 memorandum
524 2638 588 2676 est,
613 2644 705 2679 quae
730 2633 798 2667 XII
818 2636 858 2668 71
882 2636 930 2678 (p.
949 2636 1003 2675 85,
1018 2636 1052 2674 6)
1077 2633 1123 2668 ad
1148 2633 1384 2668 Maeandrum
1401 2632 1653 2677 explicandum
1677 2633 1727 2667 Αι

62 2690 101 2726 in
122 2691 279 2735 margine
303 2691 428 2735 habet,
453 2691 577 2725 eadem
602 2690 707 2725 etiam
731 2690 768 2724 in
792 2689 822 2724 F
847 2689 960 2725 fuisse
982 2689 1115 2731 uideri,
1139 2690 1201 2724 ubi
1223 2690 1260 2723 in
1284 2691 1387 2724 textu
1411 2691 1511 2724 extat
1533 2692 1640 2734 nota,
1665 2690 1728 2725 sed

64 2755 185 2792 margo
209 2757 306 2782 nunc
327 2746 466 2782 recisus
490 2750 554 2782 est.

176 2805 210 2846 2)
231 2803 302 2837 XII
321 2805 385 2838 328
410 2806 458 2847 (p.
475 2805 595 2845 129,1)
621 2802 717 2847 quod
741 2801 868 2836 PA¹W
892 2801 1027 2836 habent
1050 2807 1131 2844 τοῖς
1155 2797 1271 2837 Ἠσαῦ
1295 2799 1390 2843 υἱοῖς
1412 2803 1476 2837 καὶ
1500 2800 1728 2847 Ἰδουμαίους

67 2858 134 2893 etsi
155 2869 228 2894 non
251 2868 395 2901 uerum,
420 2861 540 2894 tamen
564 2859 725 2903 proxime
749 2868 771 2893 a
794 2857 948 2893 ueritate
971 2857 1074 2892 abest
1098 2857 1396 2902 scribendumque
1419 2857 1486 2892 erit
1510 2865 1591 2901 τοῖς
1614 2854 1729 2896 Ἠσαῦ

67 2911 160 2957 υἱοῖς
182 2921 263 2957 τοῖς
285 2917 349 2951 καὶ
373 2910 599 2959 Ἰδουμαίοις.

179 2972 212 3014 3)
236 2971 348 3006 ueluti
364 2982 436 3007 non
452 2980 555 3006 rarae
572 2972 655 3005 sunt
671 2970 706 3004 in
724 2979 765 3004 eo
782 2969 945 3013 lacunae,
970 2973 1009 3005 ut
1024 2969 1110 3004 XIII
1128 2972 1193 3005 234
1210 2973 1259 3015 (p.
1274 2971 1349 3013 204,
1365 2972 1411 3014 6),
1430 2971 1494 3005 292
1511 2972 1557 3015 (p.
1573 2973 1649 3013 205,
1662 2973 1728 3013 15).
