2107 3377
310 160 377 196 LX
901 161 1077 196 Addenda
1101 165 1136 196 et
1159 161 1388 207 Corrigenda.

419 285 455 319 p.
478 277 583 316 1821
613 271 817 321 περιοργής
839 277 893 315 τε]
920 277 1207 322 περιοργισθεὶσ
1298 277 1321 309 4
1344 267 1453 320 λόγοι
1556 277 1573 307 ἰ’
1601 273 1724 318 μόνον
1750 271 1853 306 codd.
1880 270 1980 306 Mon.

307 333 343 366 et
366 331 505 367 Schotti
597 335 615 367 8
641 329 708 377 τὴν
731 342 798 366 om.
819 331 921 366 codd.
941 331 1038 366 Mon.
1057 336 1093 366 et
1110 330 1250 366 Schotti
1343 333 1363 365 9
1389 331 1562 377 δέχονται
1587 340 1669 365 cum
1697 328 1782 362 MW
1875 329 1916 362 12
1940 327 1980 364 δὲ

306 398 386 423 eum
404 388 451 422 W
546 391 585 424 13
611 385 684 425 δέω
781 391 820 422 15
844 385 979 434 γνάϊον
1066 390 1103 422 16
1127 386 1377 434 ἐγνωσμένων
1470 388 1740 434 προσθεσμίασ
1758 385 1861 420 codd.
1880 383 1978 420 Mon.

306 449 342 479 et
366 445 506 480 Schotti
598 440 728 485 αὐτὸν]
755 444 895 478 finiunt.

419 501 506 536 XIX
530 513 553 546 p
584 504 660 538 26⁵3.
679 503 762 536 1-3
796 494 854 536 ὅτι
887 497 1086 546 ἄγρίππασ
1118 496 1138 536 ὁ
1164 496 1346 545 flaccido
1380 499 1557 536 ἰοὶ-δαίων
1581 493 1671 545 ἧκεν
1696 499 1752 536 εἰσ
1788 495 1983 545 τιβεριοῖδα

307 556 420 595 πόλιν
443 561 514 604 τῆσ
537 559 747 604 γαλιλαιάσ.
791 551 855 602 ἧκε
881 560 974 603 γοῦν
999 553 1095 601 παρ’
1120 551 1238 593 αὐτὸν
1331 558 1349 590 3
1375 553 1622 602 κομμαγενῆσ
1713 556 1782 600 μὲν
1807 566 1875 590 om.
1903 565 1983 590 cum

309 615 397 650 MW
513 618 533 649 4
559 614 864 660 σαμψηγέραμοσ
978 608 1157 657 Ἐμέσων]
1190 610 1371 657 δαμάσων
1396 619 1435 647 ut
1465 613 1590 657 reliqui
1703 615 1768 649 καὶ
1796 610 1920 655 Κότυς
1940 631 1983 637 -

310 675 329 707 6
355 674 575 708 δυναστείαν
599 682 667 706 om.
784 672 803 704 6
830 670 868 706 δὲ
894 679 973 704 cum
999 669 1084 703 MW
1203 673 1218 703 'i
1248 683 1287 705 τε
1313 680 1381 705 om.
1498 672 1516 705 8
1543 669 1735 713 διαδείξας]
1768 669 1985 712 διαδείξεωσ

309 739 390 763 cum
409 728 454 761 W
548 731 567 762 9
592 730 637 774 τῇ
664 748 701 752 -
734 730 773 761 to
793 725 955 772 Μάρσος
980 737 1047 760 om.
1142 730 1178 760 11
1208 724 1319 773 πρὸς]
1346 723 1390 763 τὸ
1418 723 1522 774 πρὸσ
1548 732 1585 760 nt
1610 728 1830 761 conieceram
1917 719 1986 762 οὖν

310 782 516 831 τιμητικὸν]
552 780 817 830 συντιμητικὸν
841 780 1196 829 (σι-ντιμητικόντων
1221 783 1322 817 codd.
1351 783 1448 817 Mon.
1476 787 1510 817 et
1536 783 1688 819 Schotti)
1722 793 1802 817 cum
1831 781 1917 817 MW

313 844 353 877 12
379 837 498 877 αὗτοῦ
582 837 762 885 α’ποτέρω
845 842 1018 876 σταδιόισ
1043 851 1123 874 cum
1142 841 1173 873 A
1243 831 1262 884 ξ
1339 842 1378 874 13
1408 834 1584 884 Μάρσον]
1608 834 1736 884 μα’σον
1820 835 1941 884 ἆρχην

313 901 354 933 14
380 895 453 944 γὰρ
479 908 547 932 om.
574 908 653 932 cum
681 897 767 932 MW
858 891 1033 943 ἐπήγετο]
1063 892 1317 942 ἀπηγγέλλετο
1345 907 1424 931 cum
1449 896 1537 931 MW
1645 899 1683 930 15
1714 895 1864 942 Μάρσῳ
1889 890 1926 931 δ’
1949 889 1986 942 ἦ]

313 952 475 1001 μαρσώη
501 965 581 989 cum
606 953 693 988 MW
800 956 930 1000 φιλιάσ
1037 955 1079 987 16
1102 949 1323 999 ὑπωπτεύθη
1355 952 1457 987 codd.
1484 953 1582 987 Mon.
1608 956 1644 987 et
1668 951 1809 986 Schotti
1911 949 1985 998 ῥω-

312 1014 455 1058 μαίουσ
551 1015 588 1045 17
617 1004 685 1046 οὖν
709 1020 777 1044 om.
805 1010 883 1044 cod.
910 1010 1008 1044 Mon.
1106 1011 1147 1042 2ο
1173 1006 1283 1054 ἔσχεν
1307 1009 1385 1044 finis
1410 1016 1669 1053 excerptorum.
1716 1010 1877 1053 sequitur
1901 1007 1986 1043 sub-

312 1070 481 1114 scriptio:
513 1067 621 1109 τέλος
645 1070 710 1113 τῆς
734 1066 907 1114 ἱστορίας
931 1062 1113 1112 ἰωσήπου.

428 1195 657 1237 Praeterea
688 1191 886 1234 addenda
918 1196 960 1233 et
991 1190 1240 1245 corrigenda
1280 1195 1376 1232 sunt
1416 1190 1539 1241 haee,
1581 1203 1756 1244 quorum
1797 1203 1894 1245 pars
1933 1190 1991 1234 ad

313 1263 631 1319 typothetarum
664 1272 866 1312 meosque
898 1271 1059 1301 errores
1090 1262 1265 1312 spectat,
1298 1259 1418 1312 plura
1449 1272 1547 1301 uero
1578 1258 1634 1300 ad
1665 1259 1832 1302 codices
1862 1259 1990 1314 perti·

313 1338 435 1384 nent3
475 1344 573 1372 nam
613 1342 696 1371 non
735 1341 893 1382 paucos
933 1327 1048 1369 locos
1088 1339 1181 1368 meo
1220 1333 1369 1377 rogatu
1408 1327 1449 1368 in
1484 1327 1676 1369 Palatino
1710 1326 1990 1370 Ambrosiano

315 1404 357 1442 et
388 1398 607 1441 Medicaeo
638 1396 888 1439 euoluerunt
918 1394 999 1436 uiri
1034 1393 1267 1436 doctissimi
1301 1397 1513 1446 Augustus
1546 1394 1666 1449 Mau,
1707 1394 1991 1450 Hieronymus

317 1467 484 1518 Vitelli,
531 1465 738 1508 Aemilius
778 1463 961 1505 Martini.
1032 1463 1117 1504 alia
1157 1466 1421 1504 accesserunt
1464 1462 1760 1505 beneuolentia
1799 1462 1991 1518 Hartelii‚

317 1534 602 1579 bibliothecae
618 1531 957 1574 Vindobonensis
976 1531 1193 1586 praefecti,
1217 1531 1288 1583 qui
1311 1531 1391 1572 hue
1413 1531 1541 1572 misso
1559 1531 1703 1573 codiee
1720 1531 1991 1574 Busbekiano

317 1603 479 1657 effecit,
518 1610 564 1644 ut
594 1607 636 1644 et
667 1613 783 1642 meos
815 1600 1022 1653 quosdam
1054 1611 1215 1641 errores
1247 1598 1473 1641 emendare
1504 1612 1673 1653 possem
1705 1605 1746 1642 et
1777 1613 1848 1653 ea,
1880 1612 1992 1653 quae

316 1680 443 1715 antea
483 1685 536 1713 ex
576 1669 722 1712 codiee
762 1669 1046 1710 Laurentiano
1087 1667 1309 1708 hauseram
1350 1666 1464 1716 (uide
1496 1680 1622 1721 supra
1653 1682 1690 1722 p.
1719 1668 1840 1720 XII),
1880 1681 1991 1710 nuno

318 1741 446 1783 etiam
478 1752 532 1780 ex
565 1736 836 1780 Busbekiano
875 1737 1030 1778 habere
1069 1748 1261 1790 possem,
1302 1734 1373 1787 qui
1417 1738 1460 1776 ut
1496 1736 1745 1789 plerumque
1782 1749 1878 1778 eum
1916 1735 1991 1778 illo

318 1808 536 1861 consentit,
567 1806 628 1848 ita
663 1804 873 1857 quaedam
904 1804 1100 1858 praebuit
1131 1803 1307 1845 meliora
1337 1808 1411 1845 aut
1442 1804 1746 1846 memorabilia.

1054 1938 1147 1978 vol.
1178 1938 1254 1978 111.

317 2033 430 2079 praef.
456 2043 492 2078 p.
514 2031 614 2067 XIII.
655 2030 832 2065 Zonaram
864 2027 1009 2071 Iosephi
1047 2028 1201 2072 epitoma
1234 2038 1338 2062 usum
1372 2037 1450 2062 esse
1482 2038 1598 2071 nuper
1631 2028 1794 2073 pluribus
1826 2028 1995 2073 exposuit

654 2085 985 2122 Buettner-Wobst
1018 2085 1054 2119 in
1088 2084 1449 2119 commentationibus
1476 2084 1780 2120 Fleckeisenianis
1805 2095 1840 2130 p.
1859 2087 1922 2121 126
1937 2095 1991 2130 sq.

364 2175 385 2193 ‚,
463 2174 484 2190 ‚‚
556 2173 577 2188 ‚.
655 2155 689 2179 u.
712 2147 746 2178 17
774 2153 926 2187 repone:
951 2144 1014 2177 καὶ
1040 2151 1104 2186 pro
1128 2143 1205 2185 μαὶ.

318 2217 371 2251 p.-
401 2208 432 2247 5,
461 2207 499 2239 17
526 2200 600 2250 γὰρ
626 2203 734 2237 etiam
758 2200 787 2234 F
813 2199 970 2234 exhibet.

320 2291 340 2305 ‚‚
381 2264 420 2296 12
446 2261 513 2296 sub
538 2265 641 2294 textu
666 2267 819 2302 repone:
845 2258 866 2300 ξ
891 2258 933 2289 42
959 2270 1002 2282 --
1030 2258 1060 2288 1.
1079 2253 1174 2288 Esra
1198 2253 1250 2287 ΙΙΙ
1276 2255 1329 2288 22.

320 2336 340 2363 ,·,
380 2322 432 2359 18,
459 2322 478 2353 5
504 2320 571 2353 τοῦ
597 2317 749 2352 δαυίόου
772 2313 851 2348 LW
877 2312 1011 2346 habent
1034 2321 1100 2355 pro
1127 2312 1205 2346 τῶν
1230 2311 1402 2346 Δαυίδου,

321 2405 341 2419 ,,
386 2380 423 2411 19
449 2376 514 2412 sub
541 2379 640 2408 textu
666 2381 814 2417 repone:
849 2373 868 2411 ᾗ
896 2372 938 2403 ἰ9
963 2384 1006 2396 =
1035 2371 1063 2402 1.
1083 2368 1175 2402 Esra
1192 2367 1222 2403 V
1241 2370 1295 2407 54,
1327 2367 1373 2402 cf.
1403 2366 1546 2402 1.Esra
1564 2367 1656 2402 V11.

323 2462 342 2477 ‚,
383 2438 435 2475 19,
456 2437 494 2469 17
523 2431 739 2477 ζολιμΙηλον
764 2427 907 2462 exhibet
932 2425 971 2460 P.

322 2519 343 2534 .‚
383 2495 425 2527 24
449 2490 516 2525 sub
542 2492 642 2523 textu
668 2495 817 2530 repone:
845 2486 865 2528 ξ
888 2486 947 2517 101
974 2498 1018 2510 =
1049 2485 1074 2516 l.
1094 2481 1186 2515 Esra
1203 2479 1253 2515 VI
1280 2481 1333 2514 26.

324 2576 345 2591 ,,
383 2551 437 2590 26,
464 2551 504 2583 20
530 2543 722 2591 ὑπάρχοι-ς
748 2539 978 2581 Gutschmid;
1003 2538 1088 2572 item
1114 2536 1218 2571 infra.

325 2634 343 2642 ..
392 2632 414 2647 ‚‚
463 2608 504 2640 24
531 2604 725 2647 τέσσαρες]
750 2596 814 2636 δι’-ο
842 2594 1067 2632 Gutschmid.

326 2691 345 2702 ,.
384 2666 438 2704 31,
465 2665 503 2697 21
533 2656 827 2705 ἀκουσθήσεται]
855 2649 1157 2698 α’κολουῧήσεται
1181 2649 1224 2684 Ε.

327 2747 346 2756 ,.
383 2722 438 2761 33,
464 2721 484 2753 8
510 2718 653 2759 Ξένιος]
678 2715 799 2750 melios
823 2709 946 2763 Latini
971 2708 1048 2744 cod.
1074 2706 1347 2753 Neapolitanus.

327 2804 347 2818 ‚,
386 2778 440 2816 38,
469 2777 508 2809 18
535 2771 672 2815 οὐκέτι]
699 2768 768 2808 οὐκ
793 2764 881 2807 ἔσθ’
911 2761 1016 2807 ὅστις
1040 2766 1132 2800 coni.

327 2861 345 2870 .-
383 2834 438 2872 42,
464 2833 505 2865 ‘2⁰
531 2837 614 2874 ταῖς
639 2829 846 2877 παρθένοις
872 2823 965 2860 coni.

326 2916 347 2932 n
384 2891 440 2929 45,
465 2890 484 2923 3
509 2898 642 2932 repone
667 2885 755 2930 τοὺς
779 2881 875 2932 παρ’
901 2879 1037 2920 αὐτῶν.

328 2977 348 2993 ,,
388 2952 441 2990 47,
467 2952 486 2981 9
514 2944 663 2993 Ἐσθῆρι
691 2945 798 2979 PWE
824 2944 1002 2980 exhibent.
