2107 3377
273 179 355 218 208
720 180 881 226 ANTIQ.
906 180 1003 217 IUD.
1027 181 1117 217 XIII
1142 184 1322 218 304—308
1345 185 1406 227 (XI.
1422 190 1447 216 1.
1463 187 1495 228 2)

273 295 622 352 σκηνοπηγοῦσιν
653 296 716 350 τῷ
746 295 862 349 θεῷ,
904 289 1002 337 κατ’
1030 293 1192 339 ἐκεῖνον
1230 295 1307 340 τὸν
1337 295 1490 352 καιρὸν
1522 295 1754 355 ἐνστάσης,
1795 298 1940 353 ἔτυχεν

271 361 350 405 τὸν
386 362 466 417 μὲν
503 357 846 418 Ἀριστόβουλον
887 361 950 413 εἰς
988 362 1119 407 νόσον
1156 373 1447 417 καταπεσεῖν,
1488 363 1564 408 τὸν
1605 364 1652 407 δὲ
1689 360 1940 422 Ἀντίγονον

273 429 562 473 ἐπιτελοῦντα
599 428 678 487 τὴν
717 428 871 488 ἑορτὴν
910 425 1128 489 ἀναβῆναι
1166 433 1382 487 λαμπρῶς
1413 431 1589 489 σφόδρα
1618 437 1940 491 κεκοσμημένον

271 496 382 552 μετὰ
413 499 501 540 τιῦν
532 498 637 552 περὶ
669 492 802 541 αὐτὸν
832 494 1032 542 ὁπλιτῶν
1063 498 1126 550 εἷς
1155 499 1205 543 τὸ
1240 499 1358 556 ἱερὸν
1388 502 1461 543 καὶ
1487 499 1543 543 τὰ
1565 501 1707 543 πλείω
1727 503 1833 557 περὶ
1863 504 1941 560 τῆς

159 569 240 610 305
274 569 494 623 σωτηρίας
523 560 750 621 τάδελφοῦ
783 561 1007 620 εὔχεσθαι,
1037 566 1141 618 τοὺς
1172 567 1219 610 δὲ
1250 567 1471 626 πονηροὺς
1499 569 1572 610 καὶ
1595 567 1835 626 διαστῆσαι
1863 568 1942 627 τὴν
1971 579 1990 612 5

272 630 486 688 ὁμόνοιαν
519 627 662 675 αὐτῶν
694 631 1026 686 ἐσπουδακότας
1056 630 1237 692 ἀφορμῇ
1265 638 1565 693 χρησαμένους
1594 636 1649 692 τῇ
1669 651 1718 678 τε
1737 637 1844 692 περὶ
1863 635 1942 694 τὴν

273 701 460 760 πομπὴν
499 701 577 743 τοῦ
607 695 859 756 Ἀντιγόνου
896 703 1133 760 φιλοτιμίᾳ
1170 705 1242 746 καὶ
1281 712 1375 753 τοῖς
1412 698 1491 745 ὑπ’
1528 698 1662 746 αὐτοῦ
1697 706 1944 759 κατωρθω-

272 773 423 824 μένοις
454 769 604 812 έλθεῖν
635 766 752 825 πρὸς
780 768 857 812 τὸν
886 771 1075 825 βασιλέα
1104 772 1178 814 καὶ
1208 771 1443 828 κακοήθως
1474 769 1551 813 ἐπὶ
1582 769 1630 813 τὸ
1653 769 1802 825 μεῖζον
1824 769 1943 822 ἐξαί-

159 839 241 880 306
273 854 365 892 ρειν
394 835 450 879 τὰ
480 838 586 892 περὶ
617 835 694 894 τὴν
724 836 911 896 πομπὴν
941 836 1019 880 τὶν
1051 837 1095 881 ἐν
1125 841 1179 895 τῇ
1211 838 1353 896 ἑορτῇ,
1384 840 1458 882 καὶ
1481 836 1540 890 ὥς
1563 834 1612 882 οὐ
1634 834 1731 881 κατ’
1759 837 1942 896 ἰδιώτην

271 905 453 949 ἕκαστον
491 895 543 962 ἦν
573 906 662 948 τῶν
692 908 947 961 γινομένων,
989 901 1100 948 ἀλλὰ
1141 906 1426 964 φρονήματος
1457 906 1642 957 ἔνδειξιν
1673 906 1784 960 ’έχειν
1812 910 1945 962 βασι·
1974 916 2013 950 10

270 974 394 1016 λικοῦ
425 971 480 1015 τὰ
511 972 818 1028 πραττόμενα,
854 975 927 1016 καὶ
959 971 1019 1024 (ὃς
1048 977 1232 1016 κτείνειν
1263 969 1397 1017 αὐτὸν
1428 975 1583 1028 μέλλοι
1613 974 1724 1028 μετὰ
1756 978 1944 1033 στίφους

271 1039 502 1099 ἐληλυθώς
544 1042 778 1096 καρτεροῦ,
825 1040 1104 1096 λογιζόμενον
1150 1037 1327 1099 εὐήθως
1374 1037 1506 1085 αὐτὸν
1550 1041 1801 1096 βασιλεύειν
1846 1041 1946 1087 ἐνὸν

270 1111 402 1167 τιμῆς
431 1108 829 1163 μεταλαμβάνοντα
862 1108 1005 1151 δοκεῖν
1036 1107 1238 1164 μεγάλων
1269 1108 1507 1164 τυγχάνειν.

158 1180 239 1220 307
386 1180 424 1220 2.
461 1172 800 1232 Ἀριστόβουλος
840 1175 886 1218 δὲ
924 1174 1101 1226 τούτοις
1132 1172 1248 1218 ἄκων
1287 1175 1562 1231 πειθόμενος
1591 1178 1664 1219 καὶ
1693 1178 1772 1219 τοῦ
1803 1172 1945 1220 ἀνύπ-

272 1260 410 1294 οπτος
442 1241 558 1287 εἶναι
586 1239 795 1300 τάδελφῷ
824 1245 1030 1297 προνοῶν
1059 1245 1134 1287 καὶ
1162 1245 1240 1302 τῆς
1277 1238 1526 1300 ἀσφαλείας
1563 1240 1655 1298 άμα
1689 1244 1947 1301 φροντίζων,
1977 1253 2015 1288 15

273 1312 469 1369 διίστησι
505 1310 610 1362 τοὺς
651 1310 1036 1369 σωματοφύλακας
1080 1310 1125 1354 ἔν
1165 1328 1254 1354 τινι
1299 1313 1387 1354 τιῦν
1426 1309 1647 1368 ὑπογείων
1689 1307 1945 1370 ἀφωτίστῳ,

271 1383 494 1423 κατέκειτο
527 1379 574 1422 δὲ
602 1378 646 1423 ἓν
676 1381 730 1436 τῇ
759 1379 891 1435 βάρει
921 1382 1310 1436 μετονομασθείσῃ
1346 1379 1393 1422 δὲ
1421 1374 1659 1437 Ἀντωνίᾳ,
1699 1381 1773 1423 καὶ
1803 1395 1946 1437 προσ-

273 1447 423 1499 έταξεν
456 1444 654 1491 ἀνόπλου
685 1447 765 1502 μὲν
797 1448 1032 1490 ἅπτεσθαι
1061 1447 1228 1505 μηδένα
1239 1482 1250 1501 ,
1282 1451 1467 1491 κτείνειν
1499 1446 1546 1490 δὲ
1575 1445 1652 1490 τὸν
1682 1442 1946 1504 Ἀντίγονον,

158 1517 239 1559 308
273 1509 325 1559 ἂν
357 1513 641 1571 ὡπλισμένος
670 1514 786 1569 πρὸς
818 1511 951 1559 αὐτὸν
983 1515 1112 1572 εἰσίῃ.
1172 1518 1346 1570 πέμπει
1374 1517 1527 1570 μέντοι
1556 1514 1673 1571 πρὸς
1695 1510 1947 1572 Ἀντίγονον

272 1579 405 1634 αὐτὸς
445 1579 642 1626 ἔνοπλον
684 1579 817 1627 αὐτὸν
859 1579 996 1634 άξιιῦν
1033 1578 1165 1640 ἥκειν.
1226 1579 1251 1640 ἡ
1294 1582 1341 1625 δὲ
1369 1583 1613 1638 βασίλισσα
1648 1584 1720 1626 καὶ
1763 1584 1806 1627 οἱ
1846 1599 1948 1628 συν·
1977 1593 2015 1628 20

272 1650 634 1707 επιβουλεύοντες
662 1645 771 1709 αὐτῇ
800 1646 898 1694 κατ)
924 1646 1177 1707 Ἀντιγόνου
1209 1653 1428 1694 πείθουσι
1457 1649 1534 1694 τὸν
1565 1653 1838 1708 πεμφθέντα
1866 1647 1946 1695 τᾶ-

272 1724 426 1763 ναντία
449 1721 601 1775 λέγειν,
633 1716 693 1770 εἷς
715 1716 737 1763 ὁ
762 1714 957 1777 ἀδελφὸς
989 1714 1192 1771 ἀκούσας,
1224 1713 1295 1763 ὅτι
1324 1717 1690 1763 κατασκευάσειεν
1720 1714 1841 1763 ὅπλα
1870 1721 1944 1763 καὶ

270 1787 436 1842 κόσμον
457 1786 712 1841 πολεμικόν,
735 1791 1072 1843 παραγίνεσθαι
1092 1786 1207 1842 πρὸς
1229 1782 1362 1830 αὐτὸν
1378 1787 1629 1841 παρακαλεῖ
1649 1783 1944 1842 ὡπλισμένον,

386 1900 405 1940 ξ
433 1900 499 1932 304
523 1914 567 1927 =
591 1897 672 1932 bell.
698 1896 776 1933 Iud.
802 1896 820 1931 I
845 1899 900 1932 73.

386 1986 672 2022 PFLAMVWE
682 1986 753 2022 Lat
765 1987 925 2022 Zonaras
949 1988 966 2022 I
990 1998 1024 2032 p.
1050 1990 1127 2023 391.

390 2048 401 2079 1
431 2042 657 2081 *ἐνστάσεισ
680 2044 711 2078 L
805 2041 944 2090 ἔτυχεν]
971 2041 1100 2090 ἔτυχεν
1125 2038 1223 2081 ὥστε
1240 2043 1429 2078 LAMWE
1501 2047 1521 2078 4
1546 2044 1638 2079 *καὶ
1664 2039 1723 2085 τὰ]
1748 2040 1847 2080 κατὰ
1868 2043 1899 2078 L

272 2104 292 2136 5
317 2103 386 2137 τοῦ
411 2096 577 2146 ἀδελφοῦ
602 2101 635 2136 Ε
717 2096 904 2145 τάδελφοῦ
930 2102 1124 2147 σωτηριάσ
1147 2104 1192 2136 tr.
1220 2099 1472 2135 FLAMVWE
1543 2098 1751 2142 *εὔξασθαι
1775 2100 1899 2136 AMW

273 2159 292 2191 6
318 2159 363 2202 τῇ
389 2170 430 2193 τε
455 2159 553 2203 περὶ]
580 2160 623 2204 τῆ
648 2170 690 2194 τε
714 2154 818 2205 πρὸσ
842 2156 969 2192 PFLV
995 2161 1063 2203 τῆσ
1088 2160 1173 2203 περὶ
1190 2157 1312 2192 AMW
1339 2159 1381 2201 τῆ
1407 2158 1492 2201 περὶ
1510 2155 1543 2190 Ε
1653 2160 1670 2190 7
1696 2158 1945 2202 *φιλοτιμιάσ

270 2212 392 2247 AMW
462 2213 806 2259 *κατορθωμένοισ
825 2213 935 2248 PVW
1006 2216 1024 2248 S
1048 2217 1112 2251 καὶ
1135 2211 1351 2260 κακοήθως]
1378 2209 1447 2250 οὐκ
1472 2209 1656 2259 α’κοήθωσ
1672 2212 1705 2248 Ε
1776 2215 1946 2259 *μείζων

272 2269 318 2303 W
412 2268 602 2314 *ἐξαιρεῖν
628 2271 655 2305 Ρ
749 2274 768 2306 9
794 2268 862 2316 τὴν
886 2274 981 2312 (ante
1006 2269 1058 2312 ἐν)
1084 2281 1151 2306 om.
1178 2270 1300 2304 AMW
1414 2273 1451 2304 10
1479 2266 1576 2306 *τὸν
1600 2267 1805 2316 γινόμενον
1829 2269 1878 2305 V¹

271 2322 380 2371 ἔχειν]
407 2323 484 2372 εἶχε
501 2326 533 2361 Ε
550 2331 658 2369 recte,
682 2327 752 2362 nisi
776 2324 855 2373 ἔχοι
880 2328 995 2362 mauis
1082 2331 1117 2363 11
1146 2327 1270 2372 μέλλει
1297 2326 1329 2361 Ε
1398 2326 1608 2371 ’στείᾳουσ
1632 2325 1660 2361 Ρ
1734 2329 1774 2362 12
1799 2328 1946 2372 λογιζο-

270 2381 388 2426 μένου
411 2382 476 2418 FV
501 2381 749 2431 λογιζόμενος
775 2384 915 2428 Cocceji
1031 2381 1280 2431 λογιζόμενον
1298 2404 1338 2408 -
1362 2385 1399 2418 13
1427 2381 1624 2429 τυγχάνειν
1647 2393 1714 2418 om.
1741 2383 1856 2419 ELat

272 2438 409 2485 εὐηθεσ
434 2440 507 2474 AM
605 2443 645 2475 14
668 2437 848 2482 *τούτοις
872 2438 989 2482 ἄκων]
1014 2438 1162 2478 τούτων
1185 2435 1338 2477 ἀκούων
1362 2441 1424 2474 καὶ
1443 2439 1563 2473 AMW
1654 2442 1691 2474 15
1717 2442 1771 2476 τῶ
1794 2435 1946 2486 α’δελφῶ

272 2495 304 2530 Ε
398 2491 623 2542 *α’σφαλίασ
647 2497 675 2531 Ρ
772 2499 813 2531 16
837 2494 1037 2544 *ὕπογιων
1063 2497 1089 2532 Ρ
1185 2500 1222 2532 17
1250 2496 1328 2538 *GH
1355 2491 1391 2531 δ’
1416 2495 1537 2529 AMW
1563 2501 1678 2530 antem
1705 2495 1784 2542 ipse
1806 2495 1878 2531 Lat

272 2552 629 2600 *μετωνομασθήση
648 2553 674 2588 Ρ
691 2555 1047 2600 μετωνομασθείση,
1072 2567 1102 2591 ει
1121 2553 1143 2588 ἰ.
1162 2563 1233 2588 ras.
1251 2552 1281 2588 F
1298 2555 1634 2596 μετονομασθεῖσι,
1660 2565 1704 2587 ον
1721 2561 1763 2586 ex
1781 2565 1836 2589 ων
1853 2563 1943 2589 corr.

271 2608 301 2643 L
364 2605 420 2645 *δ’
434 2610 472 2643 Μ
534 2607 744 2653 *α’ντωνία,
762 2624 785 2647 α
803 2620 847 2646 ex
865 2625 894 2646 ω
914 2621 1006 2646 corr.
1021 2610 1050 2645 F
1125 2612 1164 2644 18
1182 2605 1332 2646 α’όπλου
1349 2608 1380 2643 Ε
1450 2606 1615 2654 μηδενόσ
1632 2608 1901 2644 LAMWELat

273 2662 515 2713 *α’ντίγωνον
540 2668 567 2702 Ρ
642 2671 681 2703 19
707 2664 755 2705 ι’ἱν
778 2687 822 2692 —-
846 2665 1060 2714 Ἀντίγονον
1083 2677 1153 2703 om.
1180 2666 1259 2701 cod.
1287 2666 1394 2700 Busb.
1422 2666 1453 2700 E
1546 2663 1676 2713 είσήοι,
1702 2680 1722 2711 η
1746 2675 1789 2700 ex
1814 2680 1825 2701 ι
1851 2676 1945 2702 corr.

271 2722 299 2757 Ρ
325 2724 447 2766 εἰσίοι,
472 2726 545 2760 lex
562 2719 585 2770 η’
602 2735 694 2760 corr.
712 2724 745 2759 V
769 2720 882 2770 είσὴει
907 2724 970 2759 FL
1097 2719 1207 2770 πρὸς]
1233 2719 1336 2768 πρὸσ
1361 2719 1430 2758 τὸν
1454 2721 1605 2758 FVZon
1721 2724 1762 2756 20
1788 2716 1944 2765 *αὐτὸν1

272 2775 392 2816 αὐτὸσ
416 2779 446 2814 F
517 2780 583 2818 *οἳ
608 2791 676 2816 om.
694 2781 727 2815 V
797 2777 1238 2828 *συνεπιβουλεύσαντεσ
1255 2779 1314 2814 PF
1386 2781 1424 2813 21
1455 2775 1589 2815 *αὐτοὶ
1608 2779 1637 2813 L
1707 2778 1944 2825 πεμφθέντα]

271 2831 506 2882 α’γγελοῦντα
532 2842 629 2883 (post
653 2832 837 2874 τάναντία
861 2841 906 2872 tr.
933 2837 979 2878 E)
1003 2836 1157 2872 AMWE
1266 2833 1340 2873 *τὰ
1365 2833 1519 2872 ἐναντία
1546 2835 1610 2869 FV
1634 2834 1788 2871 ἐναντία
1814 2834 1876 2870 PL

273 2894 314 2926 22
340 2889 392 2935 ὡς
418 2889 451 2935 ὁ]
479 2890 499 2929 ὁ
526 2895 553 2928 Ρ
581 2891 601 2930 ὁ
628 2890 662 2930 δ’
690 2894 719 2929 F
745 2890 800 2930 ὠσ
825 2894 857 2929 Ε
974 2890 1026 2937 ὡς
1052 2890 1072 2930 ὁ
1098 2888 1273 2937 α’δελφὸς]
1300 2893 1357 2928 cui
1379 2892 1502 2937 frater
1528 2895 1611 2927 tuus
1636 2891 1753 2937 inquit
1777 2891 1848 2927 Lat

270 2947 596 2988 *κατασκευάσειε
621 2950 650 2985 L
746 2952 786 2984 23
813 2950 1098 2997 παραγενέσθαι
1123 2949 1380 2985 FLAMVWE
