2029 3392
611 197 773 242 ANTIQ.
799 197 895 234 mn.
921 198 1001 233 xlv
1029 202 1206 236 147—152
1230 203 1314 241 (vm.
1332 205 1363 239 a)
1736 201 1814 238 267

162 320 363 367 κεῖσθαι,
404 313 549 364 ἔδοξεν
579 314 832 355 συνθέσθαι
863 313 1018 368 φιλίαν
1056 314 1125 355 καὶ
1164 313 1347 368 χάριτας
1386 311 1499 366 πρὸς
1530 309 1708 363 aizoi-g,
1746 316 1815 356 καὶ
1854 318 1929 357 143

164 381 281 427 όσων
312 381 560 438 ἐδεήθησαν
588 387 730 432 τυχεῖν
760 375 884 421 ταῦτ’
922 377 1071 430 αὐτοῖς
1102 390 1346 435 παρασχεῖν
1376 382 1446 422 καὶ
1478 379 1556 436 τὴν
1586 385 1818 433 κομισθεῖ-

167 467 249 494 σαν
290 446 460 492 άσπίδα
499 445 880 502 προσδέξασθαι.“
948 449 1087 489 ταῦτα
1127 447 1293 502 ἐγένετο
1331 447 1406 490 ἐπὶ
1433 445 1635 502 Ὑρκανοῦ
1677 447 1819 503 ἀρχιε-

166 522 275 574 ρέως
304 518 374 560 καὶ
406 514 621 571 ἐθνάρχου
653 514 776 565 ἔτους
808 512 962 556 ἐνάτου
993 514 1128 572 μηνὸς
1161 519 1382 569 Πανέμου.

116 596 134 627 5
278 579 446 638 Εἵ-ρατο
478 583 523 625 δὲ
554 583 625 625 καὶ
658 580 781 637 παρὰ
819 583 897 624 τοῦ
935 584 1023 625 τιῦν
1052 578 1306 639 Ἀθηναίων
1339 582 1477 640 δήμου
1516 581 1647 635 τιμάς
1673 579 1820 636 Ὑρκα-
1856 589 1932 627 149

166 652 239 703 νὸς
268 649 413 694 πολλὰ
444 652 515 693 καὶ
548 645 679 699 αὐτὸς
718 649 781 700 εἰς
812 646 971 700 αὐτοὺς
998 646 1212 708 χρήσιμος
1241 650 1495 706 γενόμενος,
1535 645 1745 703 ἔπεμψάν
1775 666 1820 691 τε

166 716 283 775 αὐτῷ
314 714 527 776 ψήφισμα
564 718 720 760 τοῦτον
752 719 956 772 περιέχον
990 716 1068 760 τὸν
1097 718 1287 773 τρόπον·
1327 717 1431 769 ,,ἒπὶ
1465 717 1720 772 πρυτάνεως
1749 720 1822 760 καὶ

167 787 315 840 ἱερέως
343 788 584 829 Διονυσίου
614 786 692 827 τοῦ
723 779 1052 841 Ἀσκληπιάδου
1091 784 1228 842 μηνὸς
1260 789 1467 839 Πανέμου
1500 789 1680 842 πέμπτῃ
1714 781 1823 828 άπι-

164 854 290 904 όντος
319 852 518 910 ἐπεδόθη
559 854 668 906 [τοῖς
699 854 972 910 στρατηγοῖς]
1012 852 1228 910 ψήφισμα
1259 850 1525 910 Ἀθηναίων.
1587 853 1663 897 ἐπὶ
1694 849 1822 908 layez·
1858 858 1935 896 150

97 930 134 964 10
162 922 374 971 θοκλέους
423 917 631 976 ἄρχοντος
683 916 847 977 Εὐκλῆς
885 919 1152 975 Μενάνδρου
1197 916 1480 975 Ἀλιμούσιος
1526 919 1824 976 ἐγραμμάτευε

163 990 480 1042 ,Μουνυχιῶνος
510 987 715 1045 ἑνδεκάτῃ
753 990 832 1046 τῆς
862 992 1131 1044 πρυτανείας
1169 987 1398 1046 ἐκκλησίας
1437 985 1650 1045 ἀγομένης
1688 986 1732 1031 ἐν
1761 990 1825 1044 τῷ

162 1056 343 1112 θεάτρῳ
390 1058 478 1098 τῶν
526 1056 756 1112 προέδρων
805 1055 1089 1112 ἐπεψήφισεν
1135 1056 1383 1112 Δωρόθεος
1426 1051 1613 1110 Ἐρχιεὺς
1661 1056 1733 1098 καὶ
1782 1056 1824 1098 οἱ

163 1123 464 1180 συμπρόεδροι
499 1140 519 1163 *
551 1125 616 1180 τιιῦ
646 1124 782 1181 δήμῳ,
813 1123 1052 1174 Διονύσιος
1081 1127 1323 1167 Διονυσίου
1362 1121 1508 1166 εἶπεν·
1549 1122 1702 1182 ἐπειδὴ
1731 1121 1824 1179 Ὑρ-
1858 1129 1932 1168 151

162 1190 292 1242 κανὸς
316 1187 610 1246 Ἀλεξάνδρου
640 1187 862 1247 ἀρχιερεὺς
899 1193 970 1234 καὶ
1004 1191 1221 1249 ἐθνάρχης
1258 1194 1345 1234 τῶν
1370 1187 1595 1235 Ἰουδαίων
1633 1191 1827 1235 διατελεῖ

95 1267 132 1302 15
160 1277 282 1316 κοινη
320 1276 368 1302 τε
402 1262 466 1315 τιιιῖ
505 1259 628 1317 δημιιι)
665 1262 739 1303 καὶ
776 1259 870 1317 ἰδίᾳ
907 1262 994 1302 τιῦν
1035 1261 1231 1303 ποίιτων
1272 1259 1441 1316 ἑκάστῳ
1482 1275 1631 1310 ευνους
1661 1253 1722 1302 ὧν
1751 1261 1825 1303 καὶ

163 1327 283 1383 πάσῃ
304 1327 528 1381 χριόμενος
558 1329 661 1382 περὶ
683 1323 842 1377 αὐτους
864 1327 1038 1384 σπουδιη
1067 1329 1141 1371 καὶ
1169 1344 1272 1378 τους
1293 1331 1672 1382 παραγινομένους
1687 1324 1825 1384 Ἀθη-

163 1399 300 1438 ναίων
330 1413 353 1450 η
385 1394 495 1437 κατὰ
529 1398 769 1449 πρεσβείαν
800 1412 824 1452 η
857 1412 938 1437 κατ
993 1394 1110 1438 ἰδίαν
1146 1395 1261 1451 πρὸς
1292 1393 1424 1438 αυτὸν
1453 1392 1718 1448 ὑποδέχεται
1748 1412 1825 1452 φι-

165 1462 394 1520 λοφρόνως
424 1465 497 1506 καὶ
518 1465 781 1519 προπέμπει
811 1479 889 1520 της
920 1458 1149 1519 ἀσφαλοῦς
1179 1459 1323 1506 αἰτιῦν
1355 1462 1575 1506 ἐπανόδου
1606 1462 1826 1519 προνοού-

163 1547 306 1585 μενος,
339 1530 621 1588 ἐμαρτυρήθη
652 1531 731 1584 μὲν
761 1532 834 1573 καὶ
856 1530 1072 1588 πρότερον
1102 1533 1206 1586 περὶ
1227 1531 1406 1582 τούτων,
1439 1530 1654 1584 δεδόχθαι
1676 1530 1722 1573 δὲ
1753 1532 1824 1574 καὶ
1860 1536 1938 1575 152

96 1606 133 1639 20
164 1600 238 1641 νῦν
266 1600 507 1641 Διονυσίου
537 1600 615 1640 τοῦ
639 1598 871 1653 Θεοδώρου
892 1601 1109 1649 Σουνιέως
1140 1598 1484 1657 εἰσηγησαμένου
1514 1601 1587 1642 καὶ
1618 1600 1722 1654 περὶ
1751 1601 1827 1656 τῆς

165 1661 353 1722 τάνδρὸς
384 1661 541 1723 ἀρετῆς
570 1663 906 1724 ’ὑπομνήσαντος
935 1665 1013 1708 τὸν
1045 1666 1194 1722 δῆμον,
1234 1668 1308 1709 καὶ
1339 1661 1410 1710 ὅτι
1447 1671 1710 1722 προαίρεσιν
1741 1666 1828 1720 ἔχει

277 1833 572 1869 PFLAMWLat

280 1894 293 1925 1
315 1887 442 1932 ἔδοξεν
459 1890 678 1932 συνθέσθαι]
696 1887 799 1934 ἔδοξε
816 1891 855 1927 δὲ
872 1891 1080 1928 συνθέσθαι
1096 1891 1159 1926 FL
1177 1889 1303 1935 ἔδοξεν
1320 1885 1387 1928 οὖν
1403 1891 1543 1928 θέσθαι
1556 1891 1676 1926 AMW
1687 1891 1826 1937 placuit

166 1947 276 1992 iqitur
300 1967 343 1972 —
367 1957 580 1992 componere
604 1946 676 1981 Lat
742 1945 905 1995 χάριτοσ
928 1948 959 1982 L
1053 1951 1072 1982 2
1099 1942 1193 1985 ὅσον
1218 1948 1297 1982 FL¹
1367 1950 1485 1984 ταῦτα
1509 1948 1583 1982 ΑΜ
1652 1944 1762 1984 ταῦτ’
1786 1968 1825 1973 -

166 2008 376 2049 παρασχεῖν
392 2013 461 2038 om.
480 2003 525 2036 W
596 2006 614 2038 3
639 2001 786 2050 ἐγίνετο
804 2004 925 2039 AMW
995 2008 1016 2039 4
1039 2003 1200 2041 ἐννάτου
1223 2004 1302 2039 FW
1372 2007 1390 2038 5
1417 1998 1548 2050 εὕρετο
1567 2005 1606 2038 Μ
1623 2007 1658 2039 et
1675 2014 1718 2039 ex
1736 2014 1827 2039 corr.

165 2059 199 2092 A
223 2053 362 2106 ηὕρατο
388 2058 451 2094 FL
521 2059 572 2101 δὲ]
597 2057 637 2106 δὴ
662 2060 785 2095 AMW
878 2057 1065 2108 άθηναίου
1088 2062 1136 2096 W
1205 2064 1225 2096 6
1248 2063 1313 2097 καὶ
1337 2056 1454 2103 αὐτὸς
1476 2070 1543 2095 om.
1569 2060 1829 2096 FLAMWLat

276 2113 465 2162 χρήσιμοσ
488 2114 701 2163 γενόμενοσ
725 2118 782 2154 εἰσ
807 2114 949 2155 atheim
972 2121 1015 2153 tr.
1034 2117 1064 2152 F
1088 2115 1276 2165 χρήσιμοσ
1301 2117 1358 2154 εἰσ
1383 2112 1524 2154 αὖτοὺσ
1547 2114 1758 2162 γενόμενοσ
1782 2119 1828 2152 tr.

165 2171 322 2208 LAMW
413 2169 584 2219 ἔπεμψεν
608 2172 636 2207 Ρ
748 2177 765 2207 7
792 2169 896 2221 αὐτῷ
920 2171 1107 2220 ψήφισμα]
1133 2171 1309 2220 ψήφισμα
1333 2177 1379 2219 (ψ
1400 2174 1423 2208 i.
1447 2183 1518 2208 ras.
1537 2174 1581 2215 A)
1605 2170 1830 2220 γράψαντεσ

168 2223 271 2264 αὖτιῦ
293 2231 339 2270 (ὦ
364 2239 446 2264 cum
470 2229 633 2273 sequenti
656 2242 676 2264 τ
693 2239 737 2264 ex
755 2243 799 2266 ον
816 2240 908 2264 corr.
925 2230 969 2272 L)
986 2229 1171 2265 FLAMW
1195 2230 1229 2264 ei
1250 2231 1426 2276 scriptum
1443 2250 1485 2254 —
1502 2229 1684 2264 decretum
1699 2229 1770 2264 Lat

167 2284 356 2331 περιέχον]
382 2284 608 2331 περιέχοντα
632 2285 660 2320 Ρ
685 2282 775 2331 ἕχον
798 2285 904 2321 FAM
929 2283 1027 2332 ἔχων
1050 2286 1080 2320 L
1106 2283 1244 2332 ἔχοντα
1260 2286 1307 2321 W
1382 2283 1600 2333 τρυτάνεωσ
1623 2285 1655 2320 L
1725 2289 1744 2320 8
1762 2288 1832 2323 τοῦ

167 2350 236 2376 om.
261 2340 290 2375 P
383 2341 533 2390 πέμπτῃ
558 2337 753 2384 α’πιόντος]
778 2342 945 2377 uicesimo
970 2343 1094 2387 quinto
1119 2343 1177 2378 die
1199 2343 1271 2377 Lat
1383 2345 1402 2378 9
1428 2338 1599 2388 ἀπεδόθη
1622 2341 1739 2377 Krebs

167 2402 250 2440 τοῖς
273 2403 502 2445 στρατηγοῖς
526 2408 595 2432 om.
619 2397 668 2441 P;
692 2398 764 2433 uid.
790 2398 940 2433 Hermes
962 2398 1034 2434 uol.
1059 2398 1112 2433 Xl
1135 2410 1171 2443 p.
1195 2401 1260 2434 482
1333 2402 1373 2434 10
1400 2395 1541 2444 Εὐκλῆς
1558 2419 1597 2423 -
1620 2402 1656 2433 11
1679 2400 1827 2434 Μουνυ·

166 2455 307 2499 χιῶνος
330 2463 399 2489 om.
416 2453 456 2488 M
524 2451 799 2500 ἐγραμμάτευε]
826 2450 1126 2501 ὁγραμματευσΙε
1149 2455 1177 2489 Ρ
1252 2459 1288 2489 11
1314 2457 1586 2500 μουνυχιῶνοσ,
1610 2468 1632 2491 υ
1647 2464 1692 2490 ex
1708 2470 1719 2490 ι
1738 2464 1830 2489 corr,

165 2508 197 2544 F
221 2509 461 2545 mzmiclzionis
483 2510 554 2544 Lat
679 2513 754 2555 τῆς]
780 2508 957 2556 ἑνδεκάτῃ
982 2513 1047 2555 τῆς
1069 2510 1225 2546 Dindorf
1360 2512 1574 2557 πρυτανίασ
1597 2510 1626 2545 P
1741 2506 1829 2557 ιῖγο-

166 2565 289 2612 μένης]
313 2566 521 2612 γενομένησ
537 2566 691 2602 FAMW
715 2567 916 2613 γινομένησ
931 2567 962 2601 L
1035 2570 1076 2603 12
1099 2564 1345 2614 ἐπεψήφισεν]
1369 2566 1536 2613 έπέψησε
1558 2566 1590 2600 F
1656 2562 1829 2613 Ἑρχιεὺς]

171 2621 310 2658 Corsini
334 2617 535 2669 άρχιερεὺσ
560 2623 662 2658 codd.
688 2623 760 2658 Lat
853 2625 892 2657 13
920 2621 1171 2671 συνπρόεδροι
1194 2623 1286 2658 PFL
1395 2620 1520 2666 ἔδοξεν
1543 2627 1626 2657 ante
1650 2626 1706 2672 τῷ
1728 2620 1830 2671 δήμῳ

168 2677 294 2713 inserit
317 2678 520 2714 Boeckhius
629 2680 841 2721 Διονυσίου]
866 2680 1040 2716 διονυσίω
1064 2680 1092 2713 Ρ
1209 2682 1251 2715 14
1275 2679 1446 2724 διατελεῖ]
1470 2676 1528 2715 διὰ
1554 2679 1688 2715 τέλουσ
1711 2680 1738 2714 Ρ

172 2736 213 2767 15
246 2737 324 2770 τῶν
353 2732 479 2781 δήμων
509 2735 538 2770 Ρ
691 2733 854 2773 ἑκάστου
886 2735 913 2770 Ρ
1062 2733 1191 2778 εὔνους
1227 2732 1292 2777 ιιῖν]
1324 2732 1468 2772 εὐνοῶν
1498 2735 1684 2770 FLAMW
1711 2735 1832 2780 fidelis

171 2789 331 2825 existens
353 2790 424 2826 Lat
550 2794 592 2826 16
616 2791 970 2838 παραγιγνομένουσ
994 2792 1067 2827 ΑΜ
1189 2795 1228 2827 17
1253 2788 1344 2828 κατ’
1369 2792 1477 2833 ἰδίαν]
1502 2787 1592 2828 κατ’
1617 2791 1715 2827 ἰδίαν
1738 2789 1832 2838 πρό·

171 2857 286 2889 φασιν
307 2845 493 2882 FLAMW
511 2849 689 2894 priuatim
712 2848 783 2882 Lat
885 2845 994 2894 πρὸς]
1020 2844 1076 2884 ὠσ
1099 2847 1285 2883 FLAMW
1387 2851 1426 2883 19
1452 2847 1622 2884 δέδοκται
1646 2846 1832 2882 FLAMW

168 2899 386 2993 ἔζαυετὶῐιαῑ
419 2959 449 2994 L
521 2907 563 2939 20
588 2906 800 2946 Διονυσίου]
825 2904 932 2939 PLat
958 2906 1159 2941 θεοδοσίου
1180 2903 1367 2939 FLAMW
1480 2900 1672 2951 θεοδόρου
1694 2902 1742 2936 W

240 2970 288 2993 κα
326 2968 393 2993 om.
452 2963 490 2994 at
