2107 3377
301 183 382 221 146
753 181 914 226 ANTIQ.
940 180 1037 217 IUD.
1061 180 1132 215 XII
1156 182 1336 216 421-426
1361 183 1419 223 (XI.
1436 186 1464 215 1.
1480 183 1513 223 2)

299 298 444 348 λαίοις
475 293 618 348 ὄντας,
651 295 811 338 πολλοὶ
842 293 926 350 γὰρ
957 293 1022 344 εἷς
1051 289 1163 337 αὐτὰ
1196 292 1576 351 συμπεφεύγεσαν,
1617 291 1966 350 ἐκπολιορκήσας

297 366 372 408 καὶ
414 363 560 420 λαβών
601 362 712 419 ἄρας
750 361 922 406 ἐκεῖθεν
968 361 1045 405 ἐπὶ
1088 361 1144 404 τὰ
1181 358 1464 416 Ἱεροσόλυμα
1509 359 1709 417 σπουδὴν
1755 360 1966 406 ἐποιεῖτο.

185 437 269 477 422
299 432 463 488 μαθών
495 432 542 475 δὲ
570 430 648 474 τὸν
673 427 884 474 Ἰούδαν
871 429 916 473 έν
946 447 1036 473 τινι
1063 429 1186 487 κώμῃ
1218 431 1359 486 Ζηθῶ
1388 425 1584 482 τούνομα
1612 443 1968 483 κατεστρατοπε-

299 500 507 555 δευμένον
539 494 611 542 ἐπ
640 495 772 542 αὐτὸν
811 493 1020 554 ἠπείγετο
1056 496 1167 552 μετὰ
1203 496 1349 549 πεζῶν
1387 495 1468 550 μὲν
1499 496 1754 551 δισμυρίων,
1788 496 1967 539 ιππέων

299 568 347 611 δὲ
379 568 628 621 δισχιλίων·
659 569 724 623 τῴ
749 562 892 624 Ἰούδα
924 561 964 608 δ’
990 564 1102 624 ἦσαν
1135 566 1178 609 οἱ
1208 560 1373 614 πάντες
1400 565 1552 617 χίλιοι.
1613 566 1737 607 οὑτοι
1766 562 1815 606 τὸ
1848 568 1968 607 Βακ-

294 636 422 691 χίδου
461 636 640 691 πλῆθος
676 633 990 692 θεωρήσαντες
1027 633 1202 677 έδεισαν
1240 633 1313 675 καὶ
1352 630 1430 689 τὴν
1469 631 1756 689 παρεμβολὴν
1785 632 1968 675 καταλι-

185 709 268 749 423
299 703 462 754 πάντες
500 703 661 760 ἔφυγον
692 701 858 752 πάντες
887 701 1004 758 πλὴν
1034 697 1318 744 ὀκτακοσίων.
1372 695 1538 750 Ἰούδας
1569 699 1616 742 δὲ
1645 700 1968 757 καταλειφθεὶς

297 769 388 814 ὑπὸ
421 772 509 813 τῶν
541 769 715 813 οἰκείων
747 772 1030 825 στρατιωτῶν
1062 769 1165 826 [καὶ]
1198 771 1285 812 τιῦν
1316 769 1544 822 πολεμίων
1576 766 1864 822 επικειμένων
1892 767 1969 810 καὶ

297 838 465 896 μηδένα
503 837 657 893 καιρὸν
696 837 817 894 αὐτῶ
858 837 972 893 πρὸς
1013 836 1225 894 συλλογὴν
1262 838 1341 895 τῆς
1377 834 1603 890 δινάμεως
1635 834 1969 892 επιτρεπόντων

301 905 395 956 οἶός
426 923 449 948 τ
492 904 543 962 ἠν
573 904 684 960 μετὰ
715 907 804 949 τῶν
826 901 1099 949 ὀκτακοσίων
1121 906 1361 960 συμβαλεῖν
1381 912 1476 953 τοῖς
1497 905 1575 946 τοῦ
1598 902 1830 956 Βακχίδου,
1863 899 1968 959 [καὶ]

300 973 666 1031 προτρεπόμενός
694 990 743 1016 τε
771 973 954 1023 τούτους
983 968 1185 1028 εὐψύχως
1205 969 1489 1029 ὑφίστασθαι
1510 970 1587 1014 τὸν
1608 970 1807 1014 κίνδυνον
1829 985 1970 1026 παρε-

187 1047 271 1087 424
300 1042 425 1086 κάλει
453 1051 611 1097 χωρεῖν
642 1041 719 1084 ἐπὶ
749 1040 827 1098 τὴν
857 1040 1013 1098 μάχην.
1072 1042 1160 1082 τιῦν
1193 1039 1239 1082 δὲ
1270 1039 1498 1095 λεγόντων,
1538 1038 1598 1090 ὠς
1629 1034 1706 1082 οὐκ
1737 1038 1824 1081 εἰσὶ
1855 1037 1970 1094 πρὸς

299 1112 485 1153 τοσοῦτο
515 1112 707 1166 μέγεθος
739 1110 950 1163 στρατιᾶς
982 1103 1236 1161 ἀξιόμαχοι,
1277 1108 1667 1162 συμβουλευόντων
1703 1106 1750 1149 δὲ
1787 1107 1860 1148 νῦν
1889 1105 1970 1160 μὲν

301 1173 544 1233 ἀναχωρεῖν
573 1179 647 1220 καὶ
679 1176 834 1228 σώζειν
867 1171 1045 1226 αὐτούς,
1087 1165 1224 1225 αὖθις
1255 1175 1303 1218 δὲ
1334 1175 1661 1231 συναγαγόντας
1689 1173 1793 1225 τοὺς
1829 1173 1971 1224 ἰδίους

298 1253 394 1296 τοῖς
425 1244 605 1299 ἐχθροῖς
636 1245 888 1299 συμβαλεῖν,
920 1242 1007 1300 ,,μὴ
1038 1238 1179 1295 τοῦτ’,
1211 1240 1349 1295 εἶπεν,
1390 1238 1514 1299 ἣλιος
1545 1241 1695 1286 ἐπίδοι
1724 1241 1970 1298 γενόμενον,

187 1319 268 1359 425
300 1308 359 1355 ἵν)
386 1310 468 1368 ἐγώ
500 1311 555 1354 τὰ
587 1311 704 1355 νῶτά
735 1327 820 1366 μου
861 1310 991 1361 δείξω
1032 1319 1127 1360 τοῖς
1157 1312 1406 1365 πολεμίοις.
1469 1305 1566 1353 ἀλλ’
1594 1310 1632 1353 εἰ
1661 1312 1735 1353 καὶ
1765 1308 1970 1367 τελευτὴν

299 1377 320 1423 ὃ
354 1376 512 1436 παρεόν
541 1396 620 1434 μοι
648 1377 801 1434 καιρὸς
833 1382 961 1436 φέρει
989 1380 1063 1422 καὶ
1095 1378 1162 1421 δεῖ
1191 1378 1373 1429 πάντως
1413 1373 1673 1421 ἀπολέσθαι
1711 1377 1970 1432 μαχόμενον,

299 1447 521 1504 στήσομαι
549 1451 760 1504 γενναίως
791 1449 882 1490 πᾶν
912 1444 1147 1501 ὑπομένων
1177 1445 1226 1489 τὸ
1259 1447 1419 1500 μέλλον
1453 1463 1474 1485 >a
1506 1439 1533 1502 ἢ
1563 1454 1658 1496 τοῖς
1687 1442 1769 1503 ἤδη
1800 1461 1971 1500 κατωρ-

297 1518 525 1570 θωμένοις
554 1518 627 1559 καὶ
658 1517 714 1572 τῇ
743 1517 847 1571 περὶ
880 1510 1025 1558 αὐτῶν
1047 1513 1151 1571 δόξῃ
1173 1515 1418 1569 προσβαλῶ
1445 1514 1524 1572 τὴν
1546 1513 1590 1556 ἐκ
1619 1516 1696 1571 τῆς
1728 1515 1801 1556 νῦν
1832 1515 1971 1571 φυγῆς

298 1579 469 1639 ῧβριν,“
533 1585 607 1627 καὶ
646 1581 668 1626 0‘
709 1583 788 1638 μὲν
826 1586 968 1626 ταῦτα
1005 1582 1121 1639 πρὸς
1159 1581 1262 1633 τοὺς
1299 1580 1663 1639 ὑπολειφθέντας
1702 1582 1972 1638 παρακαλῶν

301 1654 379 1694 τοῦ
399 1651 600 1695 κινδύνου
621 1652 1046 1709 καταφρονήσαντας
1067 1648 1205 1706 ὁμόσε
1221 1652 1422 1708 χωρῆσαι
1442 1659 1537 1700 τοῖς
1558 1651 1793 1704 πολεμίοις
1814 1650 1971 1705 ἔλεγεν.

187 1727 270 1766 426
416 1723 454 1762 2.
483 1716 529 1763 Ὁ
561 1719 608 1762 δὲ
638 1720 858 1777 Βακχίδης
890 1718 1111 1775 ἐξαγαγών
1151 1718 1195 1761 ἐκ
1232 1720 1311 1761 τοῦ
1342 1718 1647 1773 στρατοπέδου
1679 1716 1756 1772 τὴν
1788 1716 1972 1771 δύναμιν

301 1786 416 1842 πρὸς
445 1787 588 1845 μάχην
618 1787 946 1844 παρετάσσετο,
984 1788 1059 1830 καὶ
1097 1786 1200 1837 τοὺς
1236 1786 1316 1840 μὲν
1359 1787 1516 1836 ἱππεῖς
1555 1785 1602 1836 ἐξ
1639 1785 1854 1840 ἑκατέρων
1883 1787 1972 1827 τῶν

413 1902 434 1945 ξ
459 1903 521 1934 421
550 1917 593 1928 =
622 1905 650 1935 1.
670 1900 835 1936 Maccab.
853 1900 905 1934 IX
923 1902 955 1934 3.

415 1990 699 2026 PFLAMVWE
709 1991 779 2025 Lat
791 1991 954 2026 Zonaras
979 1990 996 2025 I
1020 2001 1054 2035 p.
1075 1992 1153 2025 374.

419 2052 430 2081 1
461 2045 767 2094 συμπεφεύγασιν
790 2047 885 2083 PFV
911 2045 1150 2093 πεφεύγεσαν
1176 2046 1208 2081 Ε
1340 2048 1358 2079 3
1386 2047 1511 2088 Ζηθῶ]
1538 2044 1564 2078 Ρ
1588 2046 1768 2090 βηρζηθῶ
1792 2044 1855 2079 FL
1879 2048 1971 2093 βαρ-

300 2101 403 2150 ζηθώ
428 2104 551 2139 AMW
574 2102 745 2151 βιρζηθὼ
770 2105 803 2139 V
827 2105 1016 2152 βηρζηθοῖ
1038 2103 1071 2138 Ε
1097 2103 1263 2138 barziton
1286 2101 1375 2143 Βίης
1401 2111 1529 2135 nomen
1555 2107 1760 2144 suspectum
1786 2100 1832 2135 cf.
1850 2102 1871 2145 ξ
1889 2103 1970 2145 397;

297 2156 453 2197 Ἐλεασα
478 2161 535 2195 uel
560 2156 691 2197 Ἀλασα
718 2161 835 2196 Maec.
967 2158 1450 2206 κατεστρατοπεδευμένον,
1476 2170 1493 2193 ε
1518 2162 1614 2196 (ante
1639 2159 1670 2193 ‹5›
1695 2157 1717 2192 i.
1736 2167 1808 2192 ras.
1833 2157 1880 2192 W

299 2220 319 2251 4
345 2216 548 2264 *ἐπείγετο
575 2218 602 2252 Ρ
627 2213 818 2264 ἠπείγετο,
844 2231 864 2253 ο
891 2227 934 2252 ex
960 2232 996 2252 αι
1023 2227 1115 2252 corr.
1141 2227 1186 2250 m.
1214 2218 1233 2250 2
1258 2215 1290 2250 V
1369 2213 1439 2258 μὲν
1463 2223 1531 2248 om.
1558 2212 1639 2247 WE
1709 2217 1728 2248 5
1754 2215 1822 2252 *δὲ
1843 2216 1971 2261 χιλίων

300 2274 347 2308 W
418 2274 455 2311 δὲ
480 2274 669 2309 LAMWE
746 2276 898 2320 *χΙλιοι]
924 2273 996 2309 (luo
1022 2273 1121 2307 milla
1146 2273 1217 2308 Lat
1241 2273 1440 2319 τρισχίλιοι
1464 2270 1594 2313 Mace„
1619 2270 1712 2314 quod
1738 2271 1852 2306 uoluit
1876 2272 1969 2308 Sam.

300 2330 457 2374 Petitus3
485 2336 580 2366 certe
605 2331 756 2366 alterum
782 2335 901 2365 utrum
926 2330 1184 2365 restituendum
1284 2325 1328 2364 τὸ
1356 2331 1424 2364 τοῦ
1447 2327 1632 2374 βακχίὸου
1656 2326 1688 2361 Ε
1782 2330 1801 2361 6
1828 2325 1970 2375 θεωρή-

301 2400 435 2429 σαντες
459 2398 527 2422 om.
552 2387 710 2422 AMWE
803 2385 938 2433 ἔδησαν
962 2387 992 2421 L
1018 2388 1215 2423 δείσαντεσ
1237 2385 1395 2420 AMWE
1499 2380 1829 2420 *καταλειπόντεσ
1853 2384 1881 2419 Ρ

301 2448 318 2478 7
346 2440 630 2486 *όκτακοσίων1
655 2440 787 2487 μόνων
814 2438 1055 2479 ὀκτακοσίων
1078 2442 1106 2477 Ρ
1214 2444 1232 2477 8
1258 2444 1336 2478 τῶν
1359 2444 1443 2475 ante
1466 2440 1663 2483 πολεμίων
1687 2450 1754 2474 om.
1781 2439 1925 2476 PFVW

299 2497 560 2545 ὑποκειμένων
584 2500 614 2535 L
756 2503 795 2535 10
822 2496 909 2536 οἶόσ
934 2513 974 2536 τε
1002 2499 1097 2533 FLV
1235 2501 1314 2539 τοῦ]
1339 2493 1434 2542 μετὰ
1461 2499 1528 2532 τοῦ
1552 2495 1773 2531 FLAMVW
1907 2499 1970 2535 καὶ

302 2558 461 2602 spurium
487 2562 574 2602 puto
687 2560 723 2593 11
751 2559 804 2598 τε]
828 2570 871 2603 γε
895 2555 1117 2590 FLAMVW
1232 2558 1273 2590 13
1299 2557 1487 2590 τοσοῦτον
1513 2553 1609 2587 FLV
1633 2557 1668 2588 et
1691 2563 1735 2588 ex
1761 2563 1853 2589 corr.
1879 2554 1925 2589 W

303 2618 344 2649 14
369 2616 470 2655 *καὶΙ
496 2612 519 2660 ἢ
542 2617 606 2651 καὶ
630 2615 739 2650 PFW
833 2612 1008 2657 *σώιζειν
1032 2613 1065 2646 Α
1158 2607 1327 2648 *αὑτοὺσ
1352 2611 1424 2645 AM
1449 2614 1485 2645 et
1509 2619 1552 2644 ex
1577 2619 1669 2644 corr.
1687 2609 1718 2644 V
1812 2623 1971 2658 συναγα-

301 2669 420 2717 γόντα
446 2671 510 2707 FV
535 2672 617 2707 fort.
642 2674 740 2707 reete
858 2675 897 2706 15
923 2676 1003 2711 τοῖς
1027 2668 1183 2715 ἐχθροῖς
1207 2679 1275 2703 om.
1301 2667 1331 2702 L
1446 2663 1674 2713 σιχιιβάλλειν
1697 2665 1803 2702 LAM
1894 2665 1968 2714 *μὴ

301 2738 368 2762 om.
395 2728 426 2762 V
520 2725 628 2765 τοῦτ’
654 2729 705 2763 sic
730 2728 759 2761 F
785 2730 900 2764 τοῦτο
926 2727 958 2761 Ε
1062 2723 1193 2762 *εἶπεν
1216 2735 1285 2760 om.
1313 2725 1342 2758 1⁴*
1436 2726 1545 2758 *ante
1571 2718 1673 2769 ἥλιος
1697 2723 1778 2758 add.
1802 2721 1853 2769 μὴ
1877 2734 1921 2760 m.
1948 2725 1968 2758 2

301 2784 332 2818 V
425 2782 629 2830 γινόμενον
653 2786 684 2820 Ε
780 2788 819 2819 16
842 2782 905 2820 ’ίνα
931 2784 962 2818 Ε
1039 2786 1073 2817 17
1099 2786 1177 2827 μοι]
1202 2794 1276 2826 μου
1300 2780 1346 2814 L¹
1439 2780 1542 2825 φέρει
1569 2776 1707 2825 καιρὸσ
1731 2783 1776 2814 tr.
1801 2779 1924 2815 AMW

305 2844 343 2875 18
368 2838 390 2885 ἢ
414 2861 455 2865 -
483 2844 521 2875 21
550 2839 676 2888 ἔλεγεν
701 2852 769 2877 om.
796 2841 867 2875 Lat
988 2837 1022 2885 ἢ]
1046 2842 1193 2884 μᾶλλον
1216 2835 1240 2885 ἢ
1264 2838 1344 2873 coni
1458 2836 1777 2883 κατορθωμι-’νοισ
1800 2836 1878 2871 1²¹1,

305 2900 344 2931 19
370 2896 604 2943 προσβαλὼν
629 2898 721 2933 l'FV
831 2901 872 2932 20
897 2894 1207 2942 ὺιιιοληφθέντασ,
1233 2910 1254 2939 η
1278 2904 1321 2929 ex
1347 2907 1374 2929 ει
1403 2904 1493 2928 corr.
1514 2893 1542 2926 1³
1659 2896 1697 2927 21
1729 2890 1869 2937 ὀμόσαι
1893 2893 1923 2928 L

303 2960 344 2993 23
371 2951 649 2998 πιιρεῑιὶσσετοι
672 2953 972 2999 praepw·11bat117·
994 2952 1064 2986 Lat
