2029 3392
650 200 827 237 Addenda
852 207 886 234 et
913 202 1143 246 Corrigenda.
1653 204 1731 238 LIX

179 326 213 360 p.
240 318 272 357 7,
295 319 305 350 1
335 313 372 350 δὲ
397 324 463 349 om.
559 316 578 347 2
603 311 832 358 λειπόμενοσ
857 324 939 348 cum
965 314 995 348 E
1021 319 1055 348 et
1080 326 1190 359 marg.
1218 317 1249 350 A
1337 320 1355 350 3
1382 313 1433 351 ἔτι
1462 338 1504 342 -
1529 315 1736 360 ἐπιμείνας]

67 369 287 408 ἐπιπλείουσ
310 372 446 415 μείνασ
550 373 567 403 'I
596 373 672 405 τῶν
696 380 764 405 om.
791 382 871 406 cum
898 370 1000 406 codd.
1025 371 1180 416 reliquis.
1298 375 1317 406 9
1343 370 1525 419 στρατιὰν
1551 384 1630 407 cum
1657 374 1736 408 reli-

67 429 146 474 quis
240 426 504 475 προηρημένον
528 437 609 462 cum
634 426 754 461 AMW

181 496 215 530 p.
242 488 271 526 7,
295 488 332 518 10
361 485 425 519 Ka]
451 483 675 529 προσέσχεν]
700 482 852 531 κάπρου
876 481 1036 530 (κύπρου
1061 485 1139 521 cod.
1171 485 1323 520 Schottii
1354 490 1390 520 et
1422 495 1464 520 ex
1489 496 1579 520 corr.
1598 486 1739 522 Ambr.›

68 538 153 588 ἔσχε
273 544 307 575 11
336 535 373 575 δ’
399 550 466 574 om.
593 538 729 586 εἴργων
849 544 886 575 12
920 544 1017 587 νηῶν
1049 553 1128 576 cum
1153 542 1272 576 AMW
1389 542 1424 578 111.
1457 552 1535 576 cum
1560 542 1647 574 Am

67 597 147 635 ἐπεὶ
173 598 357 644 διέτριβεν
382 607 460 631 cum
486 597 517 629 A
627 600 663 631 13
687 599 749 632 καὶ
776 608 844 633 0111.
873 608 953 632 cum
981 598 1097 632 PA²M
1207 595 1310 646 αὐτῷ
1335 609 1403 633 om.
1522 601 1559 631 14
1587 595 1675 633 ι’ὸιὺν
1699 618 1741 623 -

69 658 110 690 20
135 653 327 701 λήξαντος]
353 650 397 690 τὰ
425 647 654 689 πεπτωκότα
681 656 757 689 τῶν
775 657 909 700 τειχῶν
927 651 1111 702 α’νήγειρε.
1153 655 1339 701 λήξαντοσ
1364 655 1400 691 ὑὲ
1485 658 1527 689 20
1552 656 1743 701 μιτυ).ίνην

69 711 146 747 cod.
164 711 287 746 Ambr.
313 714 350 745 et
375 709 470 745 Mon.
498 720 578 745 cum
603 709 679 744 PW
771 709 961 757 βιῗζαντον
1056 715 1097 746 22
1122 713 1349 756 μετέσπευδε
1441 711 1493 753 έν]
1519 710 1560 747 έν
1585 714 1638 748 τώ
1664 723 1743 747 cum

67 767 148 803 WE
241 770 283 802 23
308 764 422 812 ὤφθη
447 785 486 790 -
515 766 744 812 προσπλέων
766 778 834 804 om.
935 771 978 804 24
1004 767 1181 814 ἅσμενος]
1207 765 1257 810 ὡς
1352 771 1394 802 25
1421 767 1653 815 ἐνειληφέναι

68 827 110 860 26
135 819 333 871 α’γρίππαν
358 834 438 859 cum
464 823 508 857 W

181 891 215 925 p.
242 883 273 921 Β,
295 883 306 914 1
336 876 380 926 ἢν
403 877 499 924 μετὰ
525 882 604 922 τοῦ]
630 876 761 924 ἢμετ’
789 878 908 917 αὐτοῦ
999 886 1018 917 3
1045 878 1228 928 στρατιὰν
1309 885 1328 916 4
1354 876 1529 918 α’νέσεσιν
1614 883 1634 915 6
1659 881 1695 917 ὀὶ-

69 941 86 972 7
106 932 228 974 οὐκέτι
304 941 342 971 10
360 934 473 973 πάλιν
491 957 532 962 -
550 936 780 980 διέπλευσαν]
807 935 888 974 εἶτα
963 942 1000 972 12
1027 936 1203 984 ἐγίνοντο
1280 942 1318 973 13
1338 939 1510 985 ηπίξεως]
1535 935 1745 981 ὀεξιώσεωσ

68 1004 148 1030 cum
175 993 212 1028 Μ
305 992 512 1040 παρέλιπεν
536 1004 616 1028 cum
641 993 679 1027 M
764 991 854 1042 παρ’
880 1005 960 1030 cum
986 995 1031 1030 W
1118 993 1316 1041 ιῖγρίππαν
1408 997 1523 1030 τινιῦν
1553 1005 1633 1030 cum
1650 994 1696 1028 W

71 1054 110 1087 15
134 1046 339 1088 κοίκείνουσ
363 1050 441 1086 cod.
468 1050 567 1085 Mon.
593 1052 629 1085 et
652 1050 790 1086 schotti
868 1055 923 1098 γε]
948 1050 1022 1099 γὰρ
1048 1061 1127 1086 cum
1153 1052 1206 1086 ed.
1233 1062 1287 1095 pr.
1374 1049 1569 1098 διήλλαξεν
1596 1045 1744 1098 ὀργιζό-

70 1121 189 1154 μενον
213 1118 292 1143 cum
318 1107 477 1142 MWLat
567 1108 679 1153 χίουσ
772 1111 807 1143 21
839 1110 1055 1156 παρίστατο
1081 1108 1222 1143 finiunt.

183 1175 216 1209 p.
235 1167 290 1205 49,
310 1167 347 1199 21
371 1158 428 1200 ὅτι
449 1160 596 1211 ὃβάδασ
613 1162 806 1210 ἐτεθνήκει
827 1161 846 1201 ὁ
868 1168 946 1201 τῶν
964 1159 1126 1212 α’ριίβων
1143 1163 1438 1212 παραλαμβάνει
1456 1165 1495 1201 δὲ
1560 1167 1601 1200 22
1620 1164 1748 1201 αἰνίασ

70 1222 148 1258 cod.
173 1222 296 1256 Ambr.
392 1215 501 1264 αὖθις
525 1231 595 1257 om.
702 1224 743 1256 23
769 1219 855 1268 γὰρ]
882 1222 920 1258 δὲ
946 1233 1026 1258 cum
1051 1222 1083 1256 E
1183 1220 1367 1268 ἐπιχειρεῖ
1390 1232 1469 1256 cum
1493 1221 1524 1255 E
1619 1216 1746 1263 αὐτὸς]

72 1275 221 1327 ἥρω’δησ

186 1338 239 1377 50,
266 1337 285 1370 2
305 1348 344 1371 τε
371 1344 440 1370 om.
535 1338 553 1369 3
573 1332 770 1371 ταλάντων
795 1345 863 1369 om.
959 1339 977 1369 4
998 1331 1146 1381 ὁβάδαν
1171 1345 1252 1370 cum
1269 1335 1375 1370 ΑΜΕ
1469 1334 1507 1371 δὲ
1527 1345 1607 1369 cum
1630 1334 1703 1369 AM

74 1395 94 1428 6
120 1385 219 1428 ὥστε
246 1402 326 1427 cum
353 1391 425 1426 ME
543 1395 559 1425 7
587 1387 681 1428 α’λλὰ
709 1402 789 1426 cum
814 1391 887 1425 AM
1003 1394 1023 1426 9
1049 1392 1088 1428 δὲ
1122 1402 1202 1426 cum
1228 1391 1260 1426 E
1377 1391 1704 1438 διαφθειρομένων

79 1452 119 1484 10
145 1446 252 1485 οὔπω
287 1458 366 1483 cum
391 1447 513 1483 AMW
634 1444 702 1485 οὐκ
734 1446 869 1485 ι’κανόσ
986 1451 1019 1482 11
1051 1444 1233 1494 ἠμύνατο]
1264 1446 1480 1494 ἐσημήνατο
1601 1451 1640 1483 13
1666 1448 1704 1485 δὲ

76 1501 185 1542 οὐδὲν
210 1515 276 1540 om.
377 1508 416 1539 14
442 1502 646 1548 Νικόλαος]
672 1505 810 1540 finiunt.

188 1573 223 1607 p.
243 1564 297 1602 56,
315 1564 334 1596 9
368 1555 425 1597 ὅτι
458 1558 606 1608 ἡρώδησ
637 1558 862 1599 α’ποστέλλει
897 1560 1079 1597 νικόλαον
1103 1558 1207 1607 πρὸσ
1230 1562 1399 1608 καίσαρα
1432 1557 1668 1609 πρεσβευτὴν
1694 1558 1751 1597 ὠσ

75 1615 123 1656 ἄν
147 1620 324 1664 ozanam}
348 1613 462 1666 αὐτῷ.
510 1615 556 1655 τὰ
583 1618 621 1655 δὲ
646 1621 733 1663 περὶ
764 1615 833 1663 τὴν
858 1620 1069 1664 πρεσβείαν
1094 1614 1218 1665 ἀπέβη
1251 1620 1392 1654 τοῦτον
1417 1614 1487 1654 τὸν
1511 1615 1660 1665 τρόπον

79 1677 119 1710 12
146 1674 182 1711 οἱ
207 1674 245 1711 δὲ
266 1673 421 1720 Ἄραβες
446 1685 514 1710 om.
627 1676 664 1709 13
691 1669 1030 1721 ὑπονοστήσαντεσ
1061 1686 1140 1710 cum
1165 1674 1321 1710 AMWE
1432 1678 1471 1710 14
1499 1668 1644 1721 όβείδου
1668 1685 1749 1709 cum

74 1730 197 1766 AMW
289 1727 456 1773 πάντων]
482 1732 672 1768 πλείστων
697 1741 777 1766 cum
794 1731 916 1766 AMW
1008 1730 1178 1777 ἐκφανῆσ
1274 1734 1313 1765 15
1343 1726 1364 1767 ὃ
1391 1742 1458 1767 0111.
1485 1742 1566 1766 cum
1581 1731 1705 1765 AMW

79 1789 120 1823 16
144 1783 387 1835 ὑφῃρημένοι]
412 1790 476 1824 καὶ
569 1786 763 1834 ἐπιτυχίαν
789 1798 870 1822 cum
896 1788 942 1823 W
969 1791 1003 1823 et
1026 1798 1137 1831 marg.
1155 1788 1189 1821 A
1285 1791 1324 1822 17
1351 1785 1434 1824 τινὰ
1461 1799 1528 1823 om.
1555 1798 1635 1822 cum
1661 1787 1707 1822 W

78 1846 119 1879 18
149 1843 275 1880 ἐλθεῖν
305 1843 363 1881 εἰσ
393 1842 601 1892 διαλλαγὰσ
632 1849 675 1880 tr.
702 1855 782 1880 cum
807 1844 854 1879 W
993 1846 1184 1891 Καίσαρα]
1217 1845 1387 1891 καίσαρα
1420 1847 1576 1890 ποιῆσαι
1607 1845 1682 1879 fere
1713 1848 1754 1879 ut

74 1899 232 1937 AMWE
329 1904 369 1937 19
394 1897 714 1949 ἀπολογήσασθαι
739 1912 820 1936 cum
846 1901 893 1936 W
988 1904 1029 1936 22
1057 1899 1077 1938 0‘
1105 1912 1174 1937 om.
1201 1911 1282 1936 cum
1307 1901 1354 1935 W

192 1969 228 2003 p.
248 1961 303 2000 57,
322 1961 341 1993 2
365 1960 542 2005 μοιχείαν
610 1961 688 1995 τῶν
705 1953 866 2006 ἄρα’βων
883 1969 963 1993 cum
980 1957 1028 1992 W
1098 1961 1119 1993 4
1143 1954 1407 2003 ε’ξαναστήσειε
1430 1955 1686 2004 (ἐξαναστήσει
1711 1956 1755 1994 ἐσ

78 2013 183 2049 codd.
203 2014 303 2050 Mon.
322 2019 357 2050 et
374 2015 525 2058 Schotti)
551 2026 631 2051 cum
655 2015 801 2061 reliquis
895 2018 914 2050 5
932 2015 970 2052 δὲ
987 2026 1067 2050 cum
1085 2015 1131 2049 W
1226 2018 1245 2049 6
1271 2011 1382 2061 εἰμὴ]
1407 2012 1464 2050 ὠσ
1489 2011 1533 2052 οὐ
1558 2026 1637 2050 cum
1663 2015 1708 2049 W

78 2074 96 2106 7
121 2072 327 2118 δισχιλίουσ
351 2076 379 2120 ᾧ
463 2068 660 2109 α’πέκτεινε
684 2083 764 2108 cum
781 2072 829 2107 W
899 2074 918 2107 8
943 2072 1034 2119 μηδὲ
1058 2083 1139 2107 cum
1155 2071 1203 2107 W
1281 2075 1323 2106 10
1349 2068 1407 2113 σὺ]
1433 2064 1501 2108 οἵτε
1582 2075 1618 2106 11
1645 2074 1754 2117 χαλε-

78 2125 254 2175 πώτερον
278 2139 346 2164 om.
459 2131 500 2163 12
527 2124 646 2166 αὐτὸν
678 2140 758 2164 cum
784 2128 897 2163 PWE
990 2127 1017 2175 ᾧ
1113 2131 1152 2164 15
1179 2124 1361 2175 στρατιὰν
1387 2123 1431 2164 οὐ
1456 2123 1639 2175 στρατιὰν
1673 2138 1752 2162 cum

79 2185 226 2230 reliquis
322 2189 361 2221 16
385 2188 449 2222 καὶ
469 2196 538 2221 0111.
633 2182 726 2232 ταχὺ
751 2183 889 2232 ταύτην
912 2187 957 2220 tr.
976 2185 1050 2221 fere
1066 2188 1107 2220 ut
1124 2185 1170 2219 W
1255 2185 1346 2232 μηδὲ
1371 2195 1452 2220 cum
1468 2184 1516 2219 W
1603 2187 1644 2218 18
1671 2179 1754 2220 00³0-

81 2239 263 2287 λούμνιοσ
370 2246 409 2278 19
435 2241 504 2288 σὴν
528 2236 652 2289 τύχην]
678 2243 879 2288 συντυχίαν
982 2239 1303 2286 ἐπονομάσαντοσ
1329 2252 1407 2277 cum
1433 2241 1516 2275 A¹E
1623 2234 1646 2286 ἦ
1669 2239 1754 2287 μὴν]

81 2295 102 2345 ἦ
126 2299 196 2344 μὲν
290 2301 331 2334 20
357 2291 378 2335 5.
472 2301 514 2333 22
538 2297 721 2344 ἐφιέντων
814 2301 855 2334 23
880 2295 995 2344 μόλισ
1019 2309 1099 2334 cum
1122 2299 1278 2334 AMWE
1372 2298 1417 2333 ad
1443 2291 1564 2339 οὕτως
1595 2297 1618 2332 i.
1644 2307 1754 2341 marg.

82 2354 178 2393 ἴσωσ
203 2348 321 2393 οὗτοσ
345 2355 423 2391 cod.
447 2356 571 2391 Ambr.
666 2358 709 2391 24
732 2354 981 2403 ἐπιστρατιᾱσ

196 2423 232 2457 p.
253 2415 307 2455 58,
326 2415 345 2447 2
371 2409 441 2449 τὸν
465 2411 533 2448 om.
551 2412 626 2447 fere
642 2414 683 2447 ut
701 2412 746 2447 W
832 2414 851 2447 3
876 2416 904 2458 μ
990 2408 1071 2448 εἶτα
1096 2422 1176 2446 cum
1193 2412 1240 2447 W
1325 2415 1346 2446 4
1371 2408 1542 2453 τούτους]
1569 2404 1711 2447 αὖτοὺσ

84 2473 105 2506 6
132 2465 259 2512 αὐτὸς]
285 2463 380 2506 αὐτὰ
407 2468 508 2504 codd.
526 2469 623 2505 Mon.
642 2472 679 2505 et
695 2469 837 2505 Schotti
922 2472 941 2505 8
965 2469 1235 2514 προσθεσμίαν
1260 2467 1337 2503 cod.
1354 2467 1478 2503 Ambr.
1559 2464 1710 2503 δύναιτο

85 2530 105 2563 9
132 2521 215 2564 οὔτ’
241 2537 310 2562 0111.
337 2537 419 2563 cum
443 2526 488 2561 W
607 2529 647 2561 10
673 2522 758 2562 οὐδὲ
782 2536 862 2561 cum
885 2525 1030 2569 reliquis
1138 2521 1232 2562 τοὺσ
1259 2535 1339 2558 cum
1363 2523 1410 2558 W
1519 2526 1559 2559 13
1585 2526 1663 2559 τῶν
1687 2534 1755 2558 om.

86 2594 166 2619 cum
189 2582 346 2618 AMWE
467 2586 505 2618 15
531 2579 713 2630 Νάκεβον
737 2592 804 2617 om.
907 2584 993 2629 περὶ
1018 2584 1086 2617 oin.
1190 2586 1211 2617 ε’
1235 2583 1299 2616 καὶ
1322 2583 1345 2616 Ξ
1444 2582 1485 2614 16
1510 2579 1533 2625 ᾗ
1629 2583 1667 2615 17
1693 2581 1758 2615 καὶ

86 2650 155 2675 0111.
181 2649 262 2674 cum
285 2639 332 2674 W
436 2641 464 2685 ζο
566 2642 606 2674 19
639 2642 717 2675 τῶν
748 2635 909 2686 α’ράβων
939 2649 1019 2674 cum
1043 2639 1092 2674 W
1208 2640 1250 2672 20
1281 2637 1320 2673 δὲ
1351 2647 1431 2671 cum
1455 2636 1502 2671 W
1617 2639 1656 2671 21
1684 2634 1758 2683 ἐγι-

87 2693 283 2733 νώσκοντο
377 2697 420 2730 22
445 2693 491 2733 τὰ
517 2706 585 2731 0111.
604 2706 684 2731 cum
700 2695 857 2746 AMWE
950 2694 1113 2741 κατέστη
1137 2705 1218 2730 cum
1235 2693 1393 2728 AMWE
1486 2695 1526 2727 23
1554 2695 1635 2734 τοῦ]
1662 2706 1709 2729 τα

89 2755 132 2788 28
157 2748 364 2790 ἄποδῶσον
456 2749 537 2789 εἶτα
561 2763 643 2787 cum
668 2752 715 2787 W
807 2751 846 2788 δὲ
870 2762 950 2786 cum
975 2751 1021 2786 W

200 2819 236 2854 p.
256 2811 344 2851 59‚1
372 2822 421 2855 μη
447 2819 515 2844 0111.
534 2819 615 2843 cum
631 2808 678 2844 W
763 2808 802 2845 δὲ
827 2818 894 2844 om.
921 2819 1001 2843 cum
1017 2806 1065 2841 W
1157 2808 1176 2840 2
1202 2806 1252 2848 δὲ]
1277 2802 1351 2852 γὰρ
1377 2816 1457 2841 cum
1474 2805 1521 2840 W
1602 2803 1756 2848 διδόναι]

90 2863 221 2900 finiunt

203 2921 326 2957 XVIII
348 2931 384 2966 p.
401 2923 475 2963 186,
492 2923 531 2955 15
559 2914 618 2957 ὅτι
636 2919 810 2958 στάσεωσ
827 2919 867 2957 ἐν
885 2916 1126 2964 οἷλεξανδρεία
1144 2919 1348 2966 γενομένης
1363 2918 1423 2956 ἐπὶ
1440 2918 1551 2965 γαΐου
1566 2920 1759 2965 καίσαροσ

92 2975 269 3013 ἰουδαίων
354 2979 396 3012 16
421 2981 485 3024 τῆς
509 2988 578 3014 0111.
597 2989 677 3014 cum
693 2978 782 3013 MW
867 2979 909 3011 22
933 2972 1147 3023 ἡγήσασθαι
1173 2986 1252 3012 cum
1275 2976 1363 3011 MW
1440 2978 1483 3011 26
1509 2976 1547 3013 δὲ
1571 2987 1652 3011 eum
1669 2975 1758 3011 MW
