2107 3377
299 197 382 235 210
406 220 411 225 -
709 196 871 243 ANTIQ.
895 197 994 234 IUD.
1018 197 1107 233 XIII
1130 200 1309 234 314—320
1333 201 1430 241 (na.
1447 202 1507 231 xu.
1526 201 1557 242 1)

298 311 516 367 πρόνοιαν
547 310 610 361 εἷς
638 308 715 353 τὸν
746 305 880 353 αὐτὸν
917 309 1080 364 τόπον,
1120 306 1171 354 οὗ
1209 314 1454 369 σφαγέντος
1483 306 1736 367 Ἀντιγόνου
1774 313 1963 364 σπίλους

299 379 365 423 ἔτι
394 381 473 423 τοῦ
504 379 690 434 αἵματος
721 376 885 421 ἐκείνου
918 381 1171 433 συνέβαινεν
1191 377 1317 432 εἶναι,
1347 379 1538 435 κομίζων
1559 374 1761 422 ὂλισθών
1785 378 1960 433 ἐξέχεεν.

186 448 267 489 315
297 450 530 504 γενομένης
570 447 617 490 δὲ
654 449 761 505 βοῆς
799 445 926 503 παρὰ
963 448 1053 489 τῶν
1091 445 1276 490 ἰδόντων
1312 444 1373 498 ὦς
1402 449 1480 490 τοῦ
1510 445 1677 497 παιδὸς
1707 445 1962 505 ἐξεπίτηδες

299 514 525 569 ἐκχέαντος
556 513 643 558 ἐκεῖ
670 514 720 558 τὸ
755 513 879 570 αἷμα,
913 509 1103 566 ἀκούσας
1121 509 1460 570 Ἀριστόβουλος
1480 514 1558 573 τὴν
1580 513 1728 558 αἰτίαν
1750 513 1960 569 ἐπύθετο,

297 584 371 626 καὶ
400 582 459 640 μὴ
493 582 707 638 λεγόντων
738 582 804 626 ἔτι
827 583 996 637 μᾶλλον
1018 581 1266 626 ἐπετείνετο
1287 586 1467 638 μαθεῖν,
1499 582 1633 640 φύσει
1662 585 1750 625 τῶν
1781 578 1962 639 ἆνθρώ-
1990 593 2010 626 5

297 667 397 693 πων
435 647 746 693 ὑπονοούντων
785 649 830 693 ἐν
867 659 963 701 τοῖς
999 649 1220 701 τοιούτοις
1265 648 1380 694 εἶναι
1414 654 1594 707 χείρονα
1631 649 1687 693 τὰ
1727 649 1959 707 σιγώμενα.

185 718 266 760 316
298 714 357 768 ὥς
388 714 429 760 δ’
456 717 747 769 ἀπειλοῦντος
776 719 850 761 καὶ
879 717 1140 773 βιαζομένου
1161 727 1255 769 τοῖς
1277 718 1438 776 φόβοις
1458 714 1654 776 τάληθὲς
1675 715 1816 772 εἶπον,
1846 735 1961 772 προ-

293 793 439 839 χεῖται
468 785 548 840 μὲν
581 781 700 842 αὐτῷ
730 787 941 843 πληγέντι
970 785 1049 843 τὴν
1080 786 1282 830 διάνοιαν
1311 784 1400 830 ὑπὸ
1432 789 1511 830 τοῦ
1542 785 1793 837 συνειδότος
1813 785 1961 829 πολλὰ

297 853 475 909 δάκρυα,
504 853 669 908 βύθιον
690 853 739 896 δὲ
761 849 1023 908 ἀνοιμώξας,
1054 849 1162 907 ,,οὗκ
1187 850 1279 911 ἄρ’,
1312 852 1449 906 εἶπεν,
1482 854 1631 911 λήσειν
1652 851 1727 897 ἐπ)
1754 850 1960 910 ἀσεβέσιν

295 916 411 965 οῧτω
449 924 522 965 καὶ
559 930 738 977 μιαροῖς
778 921 1032 978 τολμήμασι
1070 921 1147 965 τὸν
1185 922 1296 966 θεὸν
1327 922 1521 977 ἔμελλον,
1562 918 1674 965 ἇλλοὶ
1714 939 1770 977 με
1806 930 1961 976 ταχεῖα
1989 928 2029 962 10

182 989 264 1030 317
294 989 428 1046 ποινὴ
472 992 701 1046 συγγενοῦς
740 989 880 1047 φόνου
920 989 1231 1048 μετελήλυθεν.
1299 991 1373 1033 καὶ
1408 993 1535 1045 μέχρι
1572 994 1712 1043 τίνος,
1754 981 1789 1033 ιις
1831 992 1960 1044 σῶμα

296 1052 633 1110 ἀναιδέστατον,
673 1056 817 1113 ψυχὴν
857 1052 1150 1114 ὀφειλομένην
1191 1053 1386 1114 ἀδελφοῦ
1430 1059 1503 1100 καὶ
1549 1057 1714 1115 μητρὸς
1752 1057 1960 1109 καθέξεις

296 1125 526 1180 δαίμοσιν,-
560 1129 605 1168 τί
635 1121 676 1167 δ’
713 1121 790 1168 οὐκ
821 1119 997 1180 ἀθρόαν
1039 1120 1174 1181 αὐτὴν
1203 1124 1365 1182 ταύτην
1397 1120 1644 1178 ἇποδίδως,
1683 1124 1795 1168 κατὰ
1826 1127 1959 1181 μέρος

181 1190 261 1232 318
294 1188 335 1236 δ’
372 1192 631 1236 ἐπισπένδω
675 1188 840 1246 τοῦμὸν
887 1191 998 1247 αἷμα
1042 1201 1136 1243 τοῖς
1179 1195 1604 1250 μιαιφονηθεῖσιν;“
1656 1191 1784 1236 ταῦτ’
1818 1191 1959 1236 εἰπών

293 1260 633 1318 ἐπαποθνήσκει
670 1269 766 1310 τοῖς
805 1259 951 1316 λόγοις
987 1260 1256 1315 βασιλεύσας
1302 1259 1501 1304 ἐνιαυτόν
1513 1295 1525 1314 ,
1567 1264 1844 1318 χρηματίσας
1879 1260 1960 1315 μὲν
1990 1266 2028 1300 15

294 1329 526 1386 Φιλέλλην,
571 1327 719 1371 πολλὰ
760 1324 801 1370 δ’
838 1323 1121 1384 εὐεργετήσας
1157 1327 1236 1386 τὴν
1274 1329 1492 1385 πατρίδα,
1534 1328 1791 1387 πολεμήσας
1824 1324 1959 1372 Ἰτου-

290 1400 444 1452 ραίους
483 1398 557 1440 καὶ
597 1395 768 1453 πολλὴν
809 1392 954 1439 αὐτῶν
989 1399 1067 1454 τῆς
1092 1396 1240 1453 χώρας
1269 1399 1322 1454 τῇ
1346 1392 1539 1455 Ἰουδαίᾳ
1569 1396 1959 1455 προσκτησάμενος

291 1460 541 1521 ἀναγκάσας
579 1480 627 1507 τε
663 1463 766 1515 τοὺς
806 1463 1100 1517 ἐνοικοῦντας,
1142 1464 1181 1508 εἷ
1210 1465 1446 1520 βούλονται
1483 1469 1630 1520 μένειν
1661 1465 1706 1509 ἐν
1735 1467 1790 1522 τῇ
1820 1463 1957 1521 χώρᾳ,

178 1531 259 1572 319
291 1535 643 1589 περιτέμνεσθαι
672 1534 746 1576 καὶ
775 1531 888 1575 κατὰ
917 1532 1019 1584 τοὺς
1043 1530 1267 1577 Ἰουδαίων
1296 1533 1458 1589 νόμους
1480 1533 1564 1592 ζῆν.
1625 1533 1757 1592 φύσει
1789 1527 1830 1575 δ’
1857 1531 1958 1575 ἐπι-

291 1610 400 1645 εικεῖ
427 1604 605 1659 κέχρητο
636 1602 709 1644 καὶ
741 1600 917 1658 σφόδρα
948 1592 999 1659 ἦν
1031 1601 1183 1652 αἰδοῦς
1212 1596 1367 1659 ἥττων,
1399 1599 1460 1653 ὦς
1489 1611 1703 1659 μαρτυρεῖ
1721 1600 1864 1658 τούτῳ
1884 1601 1959 1644 καὶ
1987 1605 2026 1639 Ἄ)

289 1669 502 1725 Στράβων
533 1668 578 1712 ἐκ
606 1671 686 1712 τοῦ
721 1672 990 1725 Τιμαγένους
1019 1664 1239 1724 ὀνόματος
1278 1671 1414 1726 λέγων
1455 1668 1614 1720 οὕτως·
1653 1667 1880 1726 ,,έπιεικής
1908 1683 1957 1710 τε

290 1738 457 1794 ἐγένετο
501 1733 629 1788 οὗτος
669 1733 691 1780 ὅ
726 1732 835 1793 ἀνὴρ
875 1739 947 1780 καὶ
978 1736 1126 1780 πολλὰ
1156 1747 1251 1788 τοῖς
1275 1733 1507 1788 Ἰουδαίοις
1533 1737 1770 1795 χρήσιμος·
1806 1735 1956 1791 χώραν

288 1822 336 1848 τε
356 1804 438 1861 γὰρ
463 1801 612 1855 αὐτοῖς
634 1804 967 1861 προσεκτήσατο
988 1806 1061 1848 καὶ
1092 1804 1141 1848 τὸ
1164 1809 1296 1862 μέρος
1316 1807 1394 1848 τοῦ
1414 1807 1502 1847 τῶν
1519 1801 1769 1860 Ἰτουραίων
1795 1803 1956 1852 ἔθνους

289 1869 543 1929 ᾠκειώσατο
576 1872 725 1929 δεσμῷ
756 1872 960 1927 συνάψας
990 1874 1044 1930 τῇ
1074 1875 1160 1916 τῶν
1193 1873 1375 1916 αἰδοίων
1406 1874 1670 1929 περιτομῇῇί

177 1940 258 1982 320
403 1943 500 1985 ΧΠ.
535 1945 570 1983 1.
608 1940 960 1998 Τελευτήσαντος
992 1940 1039 1982 δὲ
1066 1935 1405 1996 Ἀριστοβούλου
1427 1941 1594 1983 Σαλίνα
1626 1937 1648 1997 ἦ
1680 1938 1783 1995 γυνὴ
1807 1933 1954 1990 αὐτοῦ,
1986 1945 2023 1978 25

402 2066 422 2109 ξ
449 2068 514 2099 314
537 2081 580 2092 =
606 2064 688 2099 ben.
713 2064 791 2098 Iud.
817 2064 835 2099 1
860 2067 915 2099 ετ.

400 2177 758 2214 PFLAMVWELat
770 2177 932 2213 Zonaras
957 2177 974 2211 Ι
998 2188 1034 2221 p.
1061 2180 1138 2212 393.

404 2239 417 2269 1
446 2229 533 2276 *0131
559 2237 628 2271 τοῦ
652 2234 682 2269 F
774 2235 974 2276 *σπίλουςΙ
1001 2234 1183 2270 σπείλουσ
1208 2233 1235 2267 Ρ
1263 2228 1362 2269 ὅπου
1388 2235 1548 2269 σπίλοι-ο
1566 2232 1595 2266 F
1668 2235 1687 2267 2
1713 2228 1955 2279 *ὀλισθήσασ

286 2292 316 2326 L
342 2295 378 2327 et
400 2292 423 2327 i.
449 2302 557 2336 marg.
583 2291 657 2325 AM
763 2293 781 2325 3
807 2289 1010 2334 ἐξεπίτιδεσ
1034 2290 1064 2324 L
1173 2293 1191 2324 5
1216 2286 1297 2326 *ἔτι
1326 2310 1365 2315 --
1390 2293 1541 2334 μαθεῖν]
1567 2289 1725 2335 amplius
1748 2288 1955 2324 minabatur

286 2348 423 2383 discere
448 2347 576 2382 uolens
600 2348 770 2383 clamoris
794 2359 938 2382 causam
965 2347 1036 2382 Lat
1166 2345 1395 2388 ἐπετείνετο]
1420 2345 1616 2392 ἐπεγίνετο
1643 2346 1671 2380 Ρ
1695 2344 1862 2382 ἐπέτεινε
1885 2346 1955 2382 τοῦ

285 2405 391 2440 ΑΜΕ
487 2407 506 2439 6
529 2406 697 2451 χείρωνα
713 2403 744 2438 L
795 2439 799 2441 λ
838 2407 855 2438 7
883 2404 921 2440 δὲ
943 2402 1199 2438 FLAMVWE
1291 2409 1488 2450 προχεῖται
1507 2423 1551 2429 -
1570 2405 1645 2445 216,
1664 2406 1681 2436 7
1702 2399 1955 2448 Κλεοπάτρας

285 2461 414 2497 desunt
437 2462 472 2496 in
490 2461 522 2496 V
615 2464 634 2496 9
659 2456 739 2507 ἆρ’]
766 2458 841 2507 ἄρα
865 2460 1022 2495 AMWE
1047 2457 1123 2505 ἄρα
1148 2455 1186 2496 δ’
1203 2459 1233 2494 L
1330 2463 1365 2494 11
1395 2459 1546 2505 *φόνον
1570 2459 1599 2493 L
1691 2460 1755 2494 καὶ
1779 2468 1847 2494 om.
1873 2457 1907 2492 E

290 2521 328 2553 12
354 2513 634 2555 *α’νεδέστατον
657 2517 688 2552 L
772 2512 1059 2562 *ω’φειλομένην
1082 2516 1112 2550 L
1206 2511 1406 2562 *ἄὸελιμῦν
1433 2516 1458 2549 F
1546 2518 1585 2550 13
1611 2516 1649 2552 δὲ
1674 2515 1706 2549 Ε
1801 2510 1952 2560 ἀθρόον

286 2574 441 2609 AMWE
513 2569 628 2620 αὐτὴν
651 2585 719 2610 om.
747 2573 779 2608 E
853 2577 892 2608 14
918 2573 955 2610 δὲ
979 2572 1215 2610 ἐπισπένδεισ
1240 2573 1271 2607 Ε
1343 2576 1458 2609 ταῦτα
1485 2572 1515 2606 Ε
1595 2575 1634 2608 1ss
1661 2570 1852 2615 *φιλέλλιν
1876 2569 1907 2604 L

286 2632 321 2669 δὲ
339 2631 494 2665 AMWE
559 2631 806 2677 *ϊτουραίουσ
823 2630 885 2664 ΡΑ
902 2630 1123 2676 ὶτουραίουσ
1139 2629 1169 2664 L
1243 2632 1282 2665 18
1300 2632 1352 2671 τε]
1372 2629 1409 2666 δὲ
1424 2628 1575 2663 AMWE
1644 2632 1681 2662 19
1699 2628 1737 2663 δὲ
1750 2626 1907 2660 AMWE

285 2687 448 2734 *ἐπιεικῆ
465 2688 492 2722 Ρ
509 2686 692 2724 §wazela
705 2687 751 2722 W
816 2690 857 2722 20
875 2685 1055 2733 ἐκέχρητο
1070 2685 1190 2721 AMW
1203 2684 1338 2733 ἐχρῆτο
1358 2686 1389 2720 Ε
1460 2680 1622 2731 *ἥττωιἹ
1640 2685 1826 2731 κρείττων
1843 2682 1906 2718 FL

287 2748 400 2782 τοῦτο
426 2744 489 2780 FL
560 2747 599 2779 21
628 2738 761 2787 οὕτως]
788 2738 914 2781 οὕτωσ
938 2743 976 2780 δὲ
999 2738 1049 2785 (δ’
1067 2743 1111 2780 L)
1138 2742 1197 2777 PL
1291 2745 1333 2777 23
1358 2739 1431 2789 γὰρ
1456 2753 1523 2777 om.
1551 2741 1596 2775 W
1668 2740 1950 2787 προσεκτίσατο

286 2802 315 2835 F
408 2804 471 2838 καὶ
496 2798 539 2838 τὸ
568 2812 637 2836 om.
662 2800 693 2835 L
807 2803 876 2837 τοῦ
900 2803 985 2842 τῶν]
1011 2799 1158 2836 τούτων
1181 2799 1211 2833 F
1332 2799 1538 2845 ἰ’τουραίων
1563 2797 1624 2832 ΡΑ
1649 2797 1851 2843 ὶτουραίων
1875 2795 1905 2830 L

287 2862 328 2893 24
355 2856 580 2895 οἰκειώσατο
607 2857 797 2891 PFLA¹W
892 2860 934 2892 25
959 2857 980 2892 i.
1006 2866 1113 2900 marg.
1141 2853 1239 2890 XXI
1258 2855 1327 2890 Lat
1397 2856 1555 2896 Σαλίνα]
1581 2851 1714 2890 σάλινα
1740 2853 1769 2887 F
1796 2848 1951 2898 σαλώμη

287 2914 472 2949 LAMWE
485 2915 569 2958 Lat3
596 2915 743 2950 Σαλίνα
768 2913 874 2949 etiam
893 2913 1071 2949 Eusebius
1089 2923 1169 2948 cum
1187 2911 1400 2957 Hieronymo
1419 2911 1541 2947 chron.
1561 2911 1593 2945 11
1611 2922 1644 2956 p.
1668 2913 1730 2945 134
1739 2919 1790 2954 sq.
1809 2907 1952 2944 Schone

286 2973 322 3006 et
347 2970 531 3015 Syncvllus
557 2981 590 3014 p.
611 2975 674 3005 559
700 2970 869 3005 exhibent
