2107 3377
255 206 336 244 196
712 207 874 251 ANTIQ.
899 207 994 243 mn.
1020 207 1110 243 xm
1134 210 1315 244 239-244
1338 212 1473 252 (v1n.2)

142 324 226 366 240
258 319 396 376 ἔδρων
437 315 614 373 αὐτούς,
657 321 944 375 αἰσθομένων
986 321 1033 364 δὲ
1073 317 1318 378 ἀνεχώρουν
1348 317 1547 378 εὐχερῶς.
1607 320 1707 365 ἐπεὶ
1739 322 1787 366 δὲ
1813 324 1925 378 βλα-

253 385 389 442 βερὰν
418 387 679 445 κατενόησεν
706 385 910 444 Ὑρκανὸς
939 387 1019 446 τὴν
1049 390 1451 446 πολυανθρωπίαν,
1491 386 1848 444 ἀναλισκομένων
1876 407 1925 434 τε

254 457 344 498 τῶν
376 454 640 513 ἐπιτηδείων
670 455 822 510 τάχιον
852 451 934 499 ὕπ’
962 451 1096 513 αὐτῆς
1124 459 1198 501 καὶ
1228 457 1417 515 μηδενὸς
1448 456 1541 500 οἷον
1572 455 1688 508 εἰκὸς
1718 456 1764 500 ἐκ
1784 459 1924 501 πολυ-

252 526 423 578 χειρίας
454 522 580 579 ἔργου
610 526 879 579 γιγνομένου,
910 523 960 567 τὸ
982 525 1062 579 μὲν
1085 521 1258 581 ἀχρεῖον
1281 521 1413 582 αὗτῆς
1435 521 1679 580 ἀποκρίνας
1707 524 1922 580 ἐξέβαλεν,

143 595 222 635 241
257 590 364 634 ὅσον
396 587 436 655 δ’
463 582 515 647 ἦν
547 586 735 645 ἆκμαῖον
764 593 838 634 καὶ
867 592 1060 647 μάχιμον
1090 595 1222 636 τοῦτο
1261 592 1397 647 μόνον
1426 596 1644 646 κατέσχεν.
1703 587 1927 647 Ἀντίοχος

255 658 335 713 μὲν
367 656 443 702 οῦν
471 657 574 709 τοὺς
606 654 939 713 ἀπολεχθέντας
969 660 1168 712 ἐξελθεῖν
1199 660 1395 714 ἐκώλυεν,
1428 661 1470 704 οἱ
1503 657 1544 703 δ’
1572 659 1616 703 ἐν
1646 668 1741 711 τοῖς
1760 660 1924 715 μεταξὺ

253 729 420 780 τείχεσι
449 726 709 782 κακούμενοι
736 736 836 778 ταῖς
863 728 1078 783 βασάνοις
1110 724 1395 786 ἀπέθνησκον
1425 728 1621 782 οἰκτρῶς.
1682 726 1927 786 ἐπιστάσης

254 810 303 849 γε
341 792 428 850 μὴν
466 797 542 852 τῆς
581 799 879 853 σκηνοπηγίας
917 795 1070 853 ἑορτῆς
1110 795 1331 847 ἐλεοῦντες
1372 793 1529 847 αὐτοὺς
1560 796 1602 839 οἳ
1635 794 1758 846 ἐντὸς
1786 795 1926 840 πάλιν

143 865 225 906 242
256 860 547 913 εἰσεδέξαντο.
606 865 872 919 πέμψαντος
904 859 946 907 δ>
967 862 1171 921 Ὑρκανοῦ
1209 865 1324 919 πρὸς
1353 860 1577 918 Ἀντίοχον
1616 865 1688 907 καὶ
1728 863 1928 915 σπονδὰς

255 926 427 986 ἡμερῶν
466 928 582 973 ἑπτὰ
621 929 694 975 διὰ
735 930 813 988 τὴν
853 931 1006 988 ἑορτὴν
1046 927 1320 982 ἀξιώσαντος
1357 935 1590 988 γενέσθαι,
1630 934 1684 989 τῇ
1721 930 1836 988 πρὸς
1872 930 1923 976 τὸ

255 999 387 1040 θεῖον
427 993 628 1057 εὐσεβείᾳ
673 998 800 1042 ε’ίκων
841 999 1080 1042 σπένδεται
1120 1002 1190 1042 καὶ
1239 1003 1426 1056 προσέτι
1469 1003 1637 1042 θυσίαν
1678 998 1929 1056 εἰσέπεμψε

256 1067 597 1123 μεγαλοπρεπῆ,
638 1066 825 1121 ταύρους
853 1070 1183 1123 χρυσοκέρωτας
1212 1069 1284 1110 καὶ
1315 1066 1455 1121 μεστὰ
1486 1070 1714 1110 παντοίων
1746 1063 1927 1123 ἆρωμά-

143 1136 225 1177 243
255 1150 344 1175 των
377 1133 619 1189 ἐκπώματα
645 1134 808 1191 χρύσεά
838 1151 886 1177 τε
915 1135 989 1177 καὶ
1022 1130 1224 1191 ἀργύρεα.
1283 1136 1355 1177 καὶ
1387 1134 1464 1189 τὴν
1494 1134 1574 1188 μὲν
1603 1136 1770 1177 θυσίαν
1801 1133 1929 1184 δεξά-

255 1217 381 1255 μενοι
412 1201 537 1257 παρὰ
568 1204 656 1245 τῶν
686 1201 955 1257 κομιζόντων
987 1202 1029 1244 οἱ
1061 1201 1176 1256 πρὸς
1205 1210 1303 1252 ταῖς
1332 1202 1496 1253 πύλαις
1517 1199 1641 1252 ὄντες
1662 1198 1844 1257 ἄγουσιν
1865 1200 1930 1252 εἰς

255 1267 305 1312 τὸ
341 1269 472 1325 ἱερόν,
503 1266 728 1323 Ἀντίοχος
759 1270 807 1313 δὲ
836 1268 915 1327 τὴν
938 1269 1153 1326 στρατιὰν
1175 1270 1333 1321 εἱστία,
1365 1271 1577 1314 πλεῖστον
1597 1265 1822 1323 Ἀντιόχου
1849 1270 1928 1312 τοῦ

250 1331 522 1392 Ἐπιφανοῦς
553 1337 787 1394 διενέγκας,
820 1336 870 1388 ὃς
899 1336 978 1395 τὴν
1008 1338 1144 1381 πόλιν
1175 1336 1286 1381 ἑλών
1317 1333 1366 1387 ῦς
1386 1337 1466 1392 μὲν
1485 1341 1732 1381 κατέθυσεν
1753 1336 1830 1381 ἐπὶ
1849 1335 1928 1380 τὸν

255 1404 420 1459 βωμόν,
452 1404 530 1449 τὸν
561 1404 671 1449 νεών
703 1405 750 1448 δὲ
779 1407 843 1461 τῷ
876 1405 1005 1462 ζωμῷ
1035 1402 1203 1449 τούτων
1234 1409 1497 1462 περιέρρανε
1527 1407 1708 1462 συγχέας
1737 1404 1793 1448 τὰ
1818 1400 1926 1449 Ἰου-

260 1472 399 1516 δαίων
430 1473 597 1528 νόμιμα
626 1475 700 1517 καὶ
730 1472 809 1531 τὴν
840 1473 1032 1529 πάτριον
1064 1469 1209 1516 αὗτιῦν
1241 1469 1478 1528 εὐσέβειαν,
1519 1470 1593 1531 ἐφ’
1624 1472 1691 1524 οἷς
1721 1472 1928 1524 ἐξεπολε-

145 1547 227 1587 244
256 1540 392 1598 μώθη
432 1539 482 1584 τὸ
516 1541 650 1592 ἔθνος
688 1543 761 1584 καὶ
800 1537 1141 1592 ἀκαταλλάκτως
1172 1539 1298 1595 εἶχεν.
1356 1544 1512 1585 τοῦτον
1542 1544 1693 1595 μέντοι
1722 1540 1800 1584 τὸν
1828 1536 1927 1584 Ἀν-

255 1612 404 1662 τίοχον
436 1604 497 1652 δι’
518 1607 769 1668 ὑπερβολὴν
799 1611 877 1668 τῆς
907 1613 1149 1666 θρησκείας
1181 1605 1353 1668 Εὐσεβῆ
1383 1609 1549 1660 πάντες
1580 1608 1802 1652 ἐκάλεσαν.

370 1789 656 1825 PFLAMVWE
666 1790 736 1825 Lat
749 1790 838 1825 Exc.
857 1790 1012 1825 Peiresc.
1038 1790 1199 1825 Zonaras
1222 1790 1240 1824 I
1264 1800 1300 1834 p.
1328 1792 1404 1825 387.

375 1849 389 1880 1
419 1846 674 1891 αἰσθομένων]
702 1847 843 1892 Cocceji
876 1847 1137 1891 αἰσθομένουσ
1165 1852 1223 1883 (ex
1249 1846 1557 1891 αἰσθανομένουσ
1582 1856 1672 1881 corr.
1696 1845 1742 1888 A)
1767 1845 1869 1880 codd.
1894 1845 1926 1880 Si

255 1912 345 1937 uero
369 1904 617 1947 praesensisse
641 1908 900 1949 coynoscerent
917 1903 989 1938 Lat
1007 1903 1253 1947 αἰσθομένοις
1270 1903 1420 1938 Hudson
1439 1902 1692 1947 αἰσθομένους
1709 1897 1745 1937 δ’
1763 1902 1798 1939 εἰ
1812 1915 1927 1939 κατα-

255 1955 420 2003 μάθοιεν
444 1959 632 1995 Holwerda
701 1955 876 2006 εὐχερῶς]
903 1956 1081 2006 εύμαρώσ
1097 1959 1219 1994 AMW
1244 1959 1392 1995 innocui
1408 1959 1479 1993 Lat
1549 1962 1567 1993 3
1594 1957 1834 2005 *ἐπιτηδείαν
1850 1959 1883 1994 V

257 2017 276 2036 *
288 2012 441 2062 τάχειον
458 2015 487 2049 L
558 2020 578 2050 4
595 2016 796 2062 γινομένου
812 2016 1068 2051 FLAMVWE
1138 2012 1385 2062 *α’ποκρίνας]
1404 2011 1639 2052 άποκτείνασ
1655 2014 1685 2049 F
1757 2019 1776 2050 5
1794 2015 1833 2053 δὲ
1849 2015 1882 2051 Ε

258 2076 277 2105 6
302 2066 400 2108 *οὖν
424 2082 499 2107 om.
526 2073 555 2107 L
625 2071 765 2116 ἐξελεῖν
790 2074 822 2108 Ε
894 2072 930 2110 οἳ
947 2071 984 2109 δ’
1001 2093 1045 2098 -
1064 2077 1081 2106 7
1100 2068 1341 2117 κακούμενοι]
1367 2073 1429 2118 qut?
1454 2071 1538 2106 clam
1563 2072 1658 2106 inter
1682 2083 1806 2107 muros
1829 2083 1929 2108 erra·

256 2134 337 2163 rent
361 2128 433 2164 Lat
525 2129 562 2165 δὲ
587 2129 654 2165 VE
757 2133 774 2164 7
799 2127 1044 2174 κακούμενοι]
1070 2126 1313 2173 πλανώμενοι
1338 2126 1587 2174 (πλανόμενοι
1605 2128 1649 2171 L)
1672 2130 1736 2165 καὶ
1760 2141 1929 2176 προανα-

257 2182 435 2229 λούμενοι
460 2183 815 2232 (προανειλούμενοι
839 2186 882 2228 F)
906 2185 1129 2220 FLAMVW
1154 2180 1395 2230 πλανώμενοι
1420 2186 1453 2221 Ε
1547 2191 1630 2228 ταῖς
1651 2182 1850 2232 βασάνοις]
1874 2188 1930 2222 τῶ

256 2243 352 2286 λιμῶ
376 2241 419 2284 V,
445 2251 514 2276 om.
539 2242 571 2277 E
641 2240 853 2290 *ἐνστάσης
878 2243 958 2278 coni
1039 2240 1283 2289 *ἐπιστάσης]
1307 2241 1414 2287 incip.
1440 2242 1519 2277 Exc
1543 2252 1657 2286 usque
1682 2242 1729 2277 ad
1753 2253 1787 2278 u.
1813 2245 1834 2277 9
1858 2238 1929 2279 Ἀν-

256 2299 388 2342 τιόχον
411 2298 575 2333 breuiata
658 2302 676 2334 S
699 2300 770 2346 *γε
793 2298 878 2346 μὴν]
903 2298 974 2343 μὲν
998 2292 1066 2335 οὖν
1089 2299 1128 2333 Μ
1199 2302 1218 2333 9
1244 2299 1282 2336 δὲ
1306 2299 1339 2334 Ε
1419 2303 1458 2335 10
1485 2294 1572 2335 *διὰ
1591 2319 1632 2324 -
1654 2302 1691 2334 11
1719 2298 1930 2343 σπένδεται]

250 2360 409 2401 propter
431 2355 670 2400 fesciue'tatem
695 2355 826 2402 deique
849 2355 1165 2402 supplicationem.
1211 2356 1276 2401 qui
1298 2366 1378 2390 cum
1403 2355 1564 2391 audisset
1587 2355 1778 2401 respondit
1800 2355 1931 2401 leqatis

256 2411 438 2446 immolate
461 2411 534 2447 Lat
660 2407 925 2456 *α’ξιόσαντοσ
950 2413 1029 2448 Exc
1161 2414 1245 2458 *τῇ
1271 2422 1340 2447 om.
1364 2412 1392 2446 P
1419 2408 1440 2448 ὁ
1467 2407 1652 2457 ἀντίοχοσ
1676 2414 1735 2457 τῆι
1759 2410 1838 2446 Exc

260 2471 295 2501 11
326 2463 513 2519 εὐσεβείᾳ]
540 2468 640 2506 αἰδοῖ
664 2470 696 2504 Ε
720 2468 802 2506 §doz
824 2470 903 2504 Exc
976 2469 1188 2510 σπένδεται]
1213 2468 1281 2503 litt.
1304 2471 1405 2504 δεται
1430 2468 1452 2504 i.
1470 2478 1554 2509 ras„
1579 2469 1663 2503 ante
1680 2480 1731 2503 σπ
1748 2477 1819 2502 ras.
1839 2470 1928 2503 3—4

255 2523 324 2559 litt.
351 2527 382 2559 A
407 2522 477 2570 ἔφη
502 2525 732 2562 σπένδεσθαι
757 2526 876 2561 EExc
901 2530 935 2561 et
958 2528 982 2561 i.
1008 2535 1117 2570 marg.
1136 2525 1209 2560 AM
1234 2522 1304 2571 ἔφη
1329 2527 1506 2561 σπένδετε
1533 2524 1578 2559 W
1604 2527 1638 2558 et
1662 2528 1702 2558 ut
1724 2523 1796 2558 uid.
1814 2523 1884 2558 Lat

255 2581 436 2623 *θυσίαν]
461 2584 525 2618 καὶ
550 2581 687 2619 θυσίαν
710 2583 834 2618 AMW
920 2580 1151 2627 *εἰσέπεμπε
1175 2582 1254 2617 Exc
1279 2578 1425 2628 ἔπεμψε
1451 2581 1489 2616 Μ
1563 2582 1602 2616 12
1628 2582 1771 2625 ταῦρον
1792 2593 1931 2626 χρυσο-

255 2636 406 2684 κέρωτα
423 2637 682 2686 (χρυσόκερων
698 2640 744 2681 Ε)
760 2639 948 2674 LAMWE
958 2639 1028 2674 Lat
1039 2639 1118 2674 Exc
1187 2635 1322 2683 μεστὰ]
1342 2635 1437 2683 μετὰ
1457 2637 1577 2672 EExc
1650 2639 1689 2672 13
1707 2634 1930 2681 *ἐκπόματα

255 2692 287 2727 L
355 2698 479 2741 χρυσᾶ
503 2708 544 2732 τε
568 2698 632 2733 καὶ
656 2692 805 2743 α’ργυρᾶ
822 2696 943 2731 EExc
1018 2699 1056 2730 15
1081 2696 1183 2732 ἰ’στία
1201 2694 1229 2729 Ρ
1255 2693 1359 2732 ἓστιᾶ
1386 2694 1505 2728 EExc
1574 2696 1707 2729 πλεῖον
1724 2693 1932 2730 AMWExo

256 2753 326 2787 τοῦ
350 2762 418 2787 om.
444 2752 523 2786 Exc
620 2756 658 2787 16
684 2750 791 2795 ἑλὼν]
816 2749 978 2790 διελθὼν
1001 2752 1078 2787 Exc
1171 2751 1357 2788 κατέθυεν
1379 2750 1507 2786 PFLV
1599 2748 1659 2785 ἐπὶ
1686 2751 1764 2785 τῶν
1786 2753 1932 2797 βωμῶν

258 2807 338 2842 coni
411 2812 449 2843 17
478 2806 550 2845 νεὼ
576 2809 669 2845 PFV
741 2810 779 2847 δὲ
805 2808 901 2846 νεὼν
924 2813 969 2845 tr.
995 2809 1074 2844 Exc
1144 2805 1302 2850 τούτων]
1327 2810 1394 2844 τῶι
1420 2810 1487 2849 (τιῦ
1506 2806 1564 2847 W)
1591 2803 1736 2842 τούτων
1760 2805 1931 2842 Awssxe

257 2866 336 2899 τῶν
360 2862 546 2902 τοιούτων
569 2866 609 2901 Μ
707 2867 920 2915 περιέραινε
946 2869 1016 2906 (-εν
1031 2865 1073 2908 Ρ)
1097 2864 1225 2901 PFLV
1319 2866 1359 2899 18
1385 2861 1453 2907 οἷς]
1479 2857 1525 2909 ἧσ
1549 2862 1579 2898 F
1671 2861 1931 2910 ἐξεπολεμήθη

255 2919 316 2954 PF
341 2918 612 2968 ἐξοπολεμώθη
636 2923 666 2957 L
755 2927 794 2958 19
820 2919 1101 2960 οἷκαταλάκτωσ
1125 2922 1203 2957 Exc
1295 2917 1399 2967 εἶχον
1423 2920 1497 2955 AM
1567 2919 1736 2963 *μέντοι1
1760 2919 1831 2964 μὲν
1853 2919 1884 2955 F

258 2978 301 3011 20
326 2973 574 3024 *ὺπερβολῆσ
598 2979 628 3014 L

1955 939 1994 974 10

1958 1279 1996 1312 15
