2029 3392
610 203 770 247 ANTIQ.
795 203 890 239 IUD.
917 204 966 239 XI
993 206 1174 241 320-:343
1197 209 1280 244 (Vm.
1297 211 1329 248 a)
1744 213 1796 248 69

253 323 290 361 6.
317 315 364 360 ‘0
393 317 469 369 μὲν
500 306 575 358 οὖν
602 311 890 371 Ἀλέξανδρος
930 320 1067 359 ταῦτα
1109 316 1442 376 διοικησάμενος
1475 319 1519 362 ἐν
1548 330 1641 371 τοῖς
1668 320 1796 378 Ἱερω-
1831 329 1910 369 :310

139 386 349 441 σολὺμοις
378 382 710 438 ἐξεστράτευσεν
739 383 813 427 ἐπὶ
837 384 917 435 τὰς
939 385 1146 439 ἐχομένας
1168 386 1336 437 πόλεις.
1398 387 1577 430 πάντων
1600 385 1641 430 δ’
1669 387 1792 432 αὐτὸ»

140 452 252 510 πρὸς
273 453 347 504 οὓς
369 448 575 510 ἀφίκοιτο
598 451 884 508 φιλοφρόνως
907 452 1208 507 ἐκδεχομένων,
1230 458 1501 508 Σαμαρεῖται
1524 455 1800 512 μητρόπολιν

138 521 239 565 τότε
275 520 354 578 τὴν
392 522 601 572 Σίκειμαν
640 518 811 572 ἔχοντες
849 523 1048 576 κειμένην
1088 521 1201 576 πρὸς
1239 524 1300 577 τῷ
1347 521 1545 576 Γαριζεὶν
1590 520 1684 576 ὅριι
1729 527 1798 567 καὶ

86 598 104 627 ι’·
142 590 447 645 κατῳκημένην
486 583 574 629 ὑπὸ
614 588 702 628 τῶν
743 582 1013 630 ιῖποστατιῦν
1043 591 1120 630 τοῦ
1155 586 1379 632 Ἰουδαίων
1410 589 1591 641 ἔθνους,
1634 590 1803 643 ἰδόντες

138 656 208 699 ὅτι
238 654 341 706 τοὺς
366 650 604 704 Ἰουδαίους
631 651 920 708 Ἀλέξανδρος
951 650 1065 697 οὕτω
1097 657 1313 711 λαμπρῶς
1350 661 1576 714 τετίμηκεν
1607 658 1801 713 ἔγνωσαν

136 721 292 774 αὖτοὺς
317 718 556 772 Ἰουδαίους
587 718 832 777 ὁμολογεῖν.
894 722 1006 765 εἰσὶν
1035 722 1118 779 γὰρ
1155 724 1197 766 οἱ
1229 728 1449 779 Σαμαρεῖς
1487 728 1683 769 τοιοῦτοι
1722 727 1800 783 τὴν
1834 730 1905 767 311

134 790 280 847 φύσιν,
322 787 382 840 (ὗς
414 786 493 847 ἤδη
526 806 614 832 που
645 790 714 831 καὶ
750 788 967 845 πρότερον
999 791 1323 848 δεδηλώκαμεν·
1365 792 1408 835 ἐν
1446 793 1526 847 μὲν
1563 802 1661 841 ταῖς
1693 809 1801 848 συμ-

133 866 297 915 φοραῖς
344 854 475 908 ὂντας
518 856 620 908 τους
663 854 900 907 Ἰουδαίους
945 854 1179 913 ἀρνοῦνται
1228 869 1445 915 συγγενεῖς
1489 859 1802 917 ὁμολογοῦντες

66 933 102 967 10
132 924 232 968 τότε
272 924 352 983 τὴν
392 921 623 982 ἀληθειαν.
665 920 771 967 ὅταν
813 926 860 967 δέ
899 942 943 969 τι
982 925 1188 980 λαμπρὸν
1230 929 1331 982 περὶ
1373 924 1531 979 αὐτοὺς
1572 928 1726 972 ἴδωσιν
1758 929 1801 972 ἐκ

134 992 276 1050 τύχης,
309 992 591 1051 ἐπιπηδῶσιν
625 989 768 1035 αὐτῶν
806 995 859 1050 τῇ
889 998 1099 1051 κοινωνίᾳ
1138 994 1377 1050 προσήκειν
1418 992 1567 1046 αὐτοῖς
1605 997 1802 1052 λέγοντες

131 1063 205 1105 καὶ
238 1060 282 1104 ἐκ
311 1063 399 1103 τιῦν
425 1056 641 1118 Ἰωσήπου
671 1062 1027 1116 γενεαλογοῦντες
1059 1059 1216 1112 αἱτούς
1248 1061 1432 1118 ἐκγόνων
1458 1058 1698 1120 Ἐφραίμου
1728 1067 1800 1107 καὶ

135 1131 422 1180 Μανασσοῦς.
483 1127 594 1183 μετὰ
627 1129 939 1186 λαμπρότητος
972 1120 1047 1172 οὖν
1071 1131 1142 1172 καὶ
1175 1129 1344 1187 πολλὴν
1376 1129 1692 1185 ἐνδεικνύμενοι
1722 1131 1800 1187 τὴν
1831 1134 1910 1174 342

132 1199 236 1253 περὶ
260 1191 393 1239 αὐτὸν
415 1199 677 1252 προθυμίαν
702 1192 960 1254 ἀπήντησαν
984 1199 1047 1252 τῷ
1067 1198 1244 1251 βασιλεῖ
1273 1200 1430 1252 μικροῦ
1451 1198 1541 1241 δεῖν
1569 1197 1692 1254 ἐγγυς
1711 1201 1799 1241 τιῦν

63 1272 98 1305 15
125 1263 450 1321 Ἱεροσολύμων.
519 1263 839 1315 ἐπαινέσαντος
879 1264 925 1306 δὲ
967 1260 1124 1315 αὐτοὶ-ς
1157 1260 1448 1320 Ἀλεξάνδρου
1493 1265 1535 1308 οἱ
1573 1269 1797 1321 Σικιμῖται

132 1333 394 1389 προσῆλθον
435 1328 554 1388 αὗτῴ
594 1331 1052 1388 προσπαραλαβόντες
1090 1333 1163 1374 καὶ,
1202 1332 1277 1382 οὓς
1312 1333 1647 1390 Σαναβαλλέτης
1686 1333 1799 1389 πρὸς

132 1396 264 1443 αὐτὸν
307 1399 580 1456 στρατιώτας
618 1396 878 1443 ἀπέστειλεν
918 1402 988 1443 καὶ
1030 1399 1306 1455 παρεκάλουν
1345 1400 1700 1455 παραγενόμενον
1737 1400 1799 1451 εἰς

130 1467 209 1524 τὴν
249 1467 382 1530 πόλιν
426 1463 568 1510 αὐτῶν
608 1470 791 1525 τιμῆσαι
832 1470 903 1511 καὶ
940 1467 988 1510 τι)
1023 1463 1134 1522 παρ’
1163 1463 1312 1518 αὐτοῖς
1345 1468 1475 1523 ἱερόν.
1535 1465 1557 1510 ὁ
1593 1463 1633 1510 δ’
1661 1467 1797 1511 ἐκεῖνο
1831 1474 1910 1514 343

131 1536 210 1589 μὲν
242 1533 379 1586 αὖθις
408 1532 704 1592 ὑποστρέφων
738 1536 846 1578 ἰδεῖν
877 1532 1091 1589 ὑπέσχετο
1125 1534 1238 1590 πρὸς
1271 1532 1446 1587 αὐτούς,
1481 1530 1720 1585 ἀξιούντων
1753 1535 1796 1578 δὲ

62 1611 100 1644 20
132 1599 315 1660 ἀφεῖναι
344 1602 421 1645 τὸν
452 1602 593 1660 φόρον
627 1599 777 1654 αἰτοῖς
807 1605 884 1646 τοῦ
916 1602 1207 1657 ἑβδοματικοῦ
1239 1603 1373 1654 ἔτους,
1407 1598 1507 1645 οὐδὲ
1536 1601 1617 1658 γὰρ
1642 1598 1800 1654 αὐτοὶ-ς

131 1670 175 1714 ἔν
215 1665 334 1726 αὐτῷ
373 1674 586 1724 σπείρειν,
632 1674 748 1721 τίνες
787 1667 910 1721 ὄντες
949 1672 1088 1713 ταῦτα
1127 1671 1462 1726 παρακαλοῦσιν
1508 1669 1797 1714 ἐπυνθάνετο.

242 1814 517 1850 PFLAOVWE
528 1815 597 1849 Lat
609 1815 770 1850 Zonaras
795 1815 811 1848 I
836 1825 871 1859 p.
899 1816 976 1849 355.

245 1875 257 1905 1
280 1877 360 1914 τοῖς
377 1881 405 1906 s.
424 1870 454 1905 F
526 1874 544 1906 2
564 1870 720 1908 πάντων
737 1871 775 1908 δὲ
793 1865 922 1913 αὐτὸν,
938 1870 1007 1905 litt.
1026 1883 1046 1905 ν
1063 1869 1101 1906 δὲ
1119 1883 1141 1906 α
1159 1869 1182 1904 i.
1201 1879 1272 1904 ras.
1290 1881 1335 1905 m.
1357 1873 1375 1905 2
1393 1870 1579 1913 angustius
1597 1870 1798 1923 scriptae'A

243 1946 372 1993 αὐτὸν,
391 1947 436 1986 ὸν
453 1961 497 1985 ex
510 1960 601 1985 corr.
620 1950 649 1984 F
668 1945 794 1986 αὐτῶν
810 1950 858 1984 W
928 1951 946 1983 3
973 1945 1134 1995 ἄφίκετο
1159 1948 1287 1984 PFLV
1357 1952 1378 1983 4
1401 1946 1532 1990 *τότε]
1558 1961 1598 1985 τε
1615 1927 1797 1984 ΡΕὙτοτε

127 2007 157 2042 L
244 2009 397 2053 σίκιμαν
420 2006 450 2040 F
454 2006 601 2041 LAWE
627 2008 757 2050 σίκιμα
782 2006 815 2040 V
907 2009 974 2054 τῷ]
1000 2002 1044 2042 τὸ
1069 2004 1278 2039 PFL¹V¹W
1370 2006 1517 2051 γαρίζιν
1540 2003 1570 2038 F
1595 2006 1742 2051 γαριζὶν
1765 2005 1797 2039 V

127 2061 260 2111 γαριζὸ
286 2064 318 2099 Ε
391 2067 409 2098 5
435 2062 734 2109 *κατοικημὲνην
758 2062 817 2096 PF
842 2059 948 2099 κάτω
972 2063 1145 2108 κειμένην
1168 2062 1198 2096 L
1270 2056 1379 2097 *α’πὸ
1397 2061 1428 2095 L
1499 2062 1605 2097 *τῶν
1629 2060 1796 2098 ἀποστα-

129 2122 216 2163 τῶν,
241 2123 295 2156 ῶν
319 2115 396 2157 ἄπο
422 2119 444 2155 i.
463 2129 535 2154 ras.
554 2130 599 2154 m.
619 2122 638 2153 2
657 2129 700 2154 ex
717 2121 771 2154 (ὗν
788 2114 812 2155 α’
831 2128 921 2153 corr.
942 2119 1013 2153 uid.
1032 2118 1060 2152 P
1130 2112 1430 2154 *α’πιστοτάτων
1446 2117 1492 2151 W
1563 2119 1582 2151 6
1609 2113 1795 2159 *Ἀλέξαν-

127 2180 216 2224 δρος
232 2197 274 2202 -
291 2177 490 2223 τετίμηκεν
514 2186 583 2210 om.
601 2175 649 2209 W
740 2169 896 2211 *οῧτωσ
919 2174 1033 2208 FL¹A
1123 2178 1140 2208 7
1168 2169 1310 2210 αὐτοὶ-α
1332 2173 1425 2208 PFL
1451 2172 1612 2210 ἑαυτοὺσ
1634 2172 1750 2207 AWE

127 2233 320 2270 ἰουδαίουσ
344 2236 424 2275 (om.
451 2232 511 2271 W)
538 2228 743 2278 ὁμολογεῖν
767 2229 926 2268 ἐαυτοὺσ
949 2228 1168 2277 ἐγνώκεσαν
1191 2234 1234 2264 tr.
1260 2231 1342 2265 AW
1412 2234 1431 2265 9
1457 2231 1686 2276 *σι-γγενεῐς]
1712 2241 1795 2274 συγ-

127 2295 251 2336 γενεῖσ
267 2286 365 2335 ἔχειν
377 2290 410 2324 V
474 2285 765 2334 ὃμολογοῦντασ
778 2288 810 2322 Ε
877 2291 915 2322 10
930 2289 1017 2333 περὶ
1034 2282 1177 2323 athei-o
1193 2284 1370 2334 λαμπρὸν
1383 2284 1510 2322 ἴδωσιν
1522 2290 1566 2319 tr.
1581 2284 1794 2319 FLAOVW

128 2349 214 2394 περὶ
239 2341 380 2383 αὐτοὺσ
404 2342 712 2393 Ξὶἱωσιμλαμπρὸν
734 2348 777 2379 tr.
797 2344 830 2379 E
899 2341 980 2385 *ἐκ]
1006 2342 1049 2379 ἐκ
1073 2346 1143 2389 τῆσ
1165 2343 1278 2377 LAW
1361 2347 1396 2378 11
1426 2344 1446 2363 *
1455 2341 1695 2387 ἐπιπηδῶσιν]
1720 2338 1795 2376 ἐπι-

128 2399 333 2439 δεδώκασιν
356 2401 387 2436 F
412 2400 591 2447 ἐξαίφνησ
615 2399 844 2447 ἐπιπηδῶσιν
858 2399 1006 2435 AOVW
1086 2403 1126 2435 12
1152 2396 1512 2445 *γενεαλογοί-ντων
1536 2396 1583 2431 W
1653 2392 1795 2432 αὖτοὺσ

127 2458 336 2494 PFLAWE
429 2455 629 2505 *ἐγγόνων
654 2458 683 2491 F
790 2459 830 2492 13
854 2459 1055 2500 μανασσοῦ
1078 2455 1290 2490 FLAVWE
1391 2452 1457 2501 τἠν
1483 2463 1550 2489 om.
1576 2451 1704 2487 PFOV

132 2517 171 2550 14
195 2517 294 2561 περὶ]
319 2511 422 2561 πρὸσ
447 2514 476 2550 Ο
581 2510 822 2560 *ὑπήντησαν
843 2512 959 2548 OZon
1052 2513 1217 2558 *μικροῦ
1240 2531 1285 2536 -
1311 2515 1351 2546 15
1371 2507 1656 2557 Ἱεροσολύμων]
1679 2508 1793 2554 paulo

128 2571 243 2606 minus
267 2581 376 2617 quam
399 2570 690 2616 hierosolymitae
714 2569 785 2603 Lat
893 2571 931 2602 15
957 2568 1024 2602 litt.
1050 2567 1116 2603 *δὲ
1141 2563 1187 2604 ἀὖ
1211 2567 1234 2602 i.
1253 2577 1323 2601 ras.
1341 2577 1386 2601 m.
1407 2569 1425 2600 2
1442 2567 1475 2598 Α
1567 2559 1630 2599 *δ’
1654 2564 1701 2598 W

128 2622 291 2669 *αὐτοὺς
314 2637 381 2662 om.
401 2627 430 2662 Ο
500 2628 729 2671 *σικιμεῖται
755 2626 782 2659 P
869 2627 908 2659 16
932 2619 1011 2660 *ἂσ
1036 2623 1065 2658 O
1147 2622 1411 2669 σαναβαλέτησ
1436 2621 1468 2656 Ε
1492 2619 1709 2655 sanabalath
1733 2620 1792 2654 hic

129 2685 165 2718 et
184 2683 278 2718 infra
302 2683 371 2717 Lat
452 2679 555 2729 πρὸσ
581 2678 722 2719 aizoi-o
747 2681 780 2716 Ε
874 2684 911 2714 17
939 2676 1213 2725 *στρατιώταςῙ
1239 2679 1445 2724 στρατείασ
1471 2677 1499 2711 Ο
1570 2676 1662 2718 *εἰς]
1687 2689 1792 2723 προσ

133 2739 162 2774 V
231 2742 270 2775 18
297 2735 316 2776 ὃ
335 2734 370 2776 δ’
387 2759 431 2764 —-·
451 2743 491 2775 19
510 2735 658 2780 αὐτούς]
684 2738 747 2783 qui
763 2740 947 2772 reuertens
963 2735 1011 2769 ad
1026 2736 1126 2780 ipsos
1142 2745 1179 2769 se
1196 2735 1321 2769 uenire
1330 2733 1502 2779 promisit
1518 2732 1589 2767 Lat
1658 2728 1791 2769 αὖτοῐσ

130 2804 175 2829 ex
197 2790 336 2832 αὗτοὶσ
360 2806 451 2831 corr.
470 2796 503 2831 V
595 2793 635 2831 δὲ
662 2804 704 2829 ex
731 2803 821 2828 corr.
839 2792 873 2825 A
941 2789 1105 2827 ἐκείνοισ
1128 2790 1161 2824 V
1240 2793 1280 2824 19
1306 2783 1424 2831 αὖθις]
1451 2784 1545 2824 ἀνθ’
1561 2788 1691 2823 PFVE
1716 2783 1791 2825 αὖθ

132 2849 161 2884 Ο
249 2849 517 2897 *ὕποστρὲφον
542 2851 589 2885 L¹
682 2850 782 2890 ἰδεῖν]
808 2842 907 2894 ἥξειν
922 2846 1021 2881 FVE
1046 2845 1220 2891 παρέξειν
1243 2845 1339 2880 LAO
1365 2842 1459 2887 ἕξειν
1480 2845 1527 2880 W
1619 2844 1687 2880 litt.
1713 2858 1791 2881 των

131 2905 170 2942 δὲ
193 2901 217 2943 ἆ
239 2906 263 2941 i.
280 2917 349 2942 ras.
365 2919 411 2942 m.
431 2911 450 2942 2
467 2909 500 2942 A
569 2901 636 2942 *δ’
653 2904 832 2940 FLOVW
903 2906 944 2938 20
970 2898 1147 2947 *α’φιέναι
1171 2901 1301 2936 FLOV
1378 2898 1659 2948 *ἑβδομαδικοῦ
1680 2900 1744 2936 FO

133 2964 172 2998 21
198 2962 365 3009 σπείρειν
387 2961 428 3000 ἐν
453 2958 555 3000 αὐτῶ
580 2965 625 2997 tr.
651 2959 900 2996 FLAOVWE
993 2955 1266 2994 *ἐπυνθάνετω
1291 2957 1339 2991 L¹
