2029 3392
501 191 660 235 ANTIQ.
685 189 781 226 IUD.
807 189 892 224 X111
917 193 1094 225 3-22-349
1121 194 1234 231 (ms.
1253 197 1280 222 u.
1301 194 1370 222 xm.
1392 195 1419 230 ι)
1704 191 1783 228 215

128 306 414 366 βοηθούντων
443 307 530 348 τῶν
561 305 750 361 πλησίον
782 298 893 345 ἀλλὰ
926 303 1250 346 κοινωνούντων
1279 306 1356 361 τῆς
1387 305 1538 361 φυγῆς,
1572 303 1613 346 οἱ
1641 303 1685 345 δὲ
1708 307 1783 345 τοῖ-

131 377 412 430 Πτολεμαίου
448 372 502 415 τὰ
543 371 719 415 ἐναντία
756 371 923 413 τούτων
954 371 1192 426 ἔπραττον·
1235 370 1444 425 ἑπόμενοι
1483 371 1565 426 γὰρ
1598 370 1787 414 ἔκτεινον
1819 376 1899 416 343

131 442 233 494 τοὺς
258 439 504 491 Ἰουδαίους,
535 440 607 482 καὶ
637 438 687 481 τὸ
710 439 961 481 τελευταῖον
982 442 1229 494 τραπέντας
1258 435 1415 488 αὐτούς
1437 437 1638 488 ἅπαντας
1660 437 1787 480 ἐδίω-

131 527 205 554 κον
237 509 493 567 φονεύοντες
534 506 615 556 ἕως
652 501 700 549 οὗ
731 508 801 549 καὶ
835 503 857 549 ὁ
891 506 1071 563 σίδηρος
1102 502 1252 556 αὐτοῖς
1284 502 1512 562 ἠμβλύνθη
1544 509 1787 549 κτείνουσιν

84 589 102 619 5
132 580 203 622 καὶ
237 578 281 620 αἱ
309 585 449 631 χεῖρες
479 577 777 630 παρείθησαν.
838 578 1121 629 τρισμυρίους
1158 577 1260 629 γοῦν
1298 573 1470 630 ἔφασαν
1499 569 1640 616 αὐτῶν
1673 569 1787 616 ἇπο-
1820 574 1900 614 344

132 649 300 696 θανεῖν,
337 645 580 699 Τιμαγένης
613 641 658 684 δὲ
690 645 1085 696 πεντακισμυρίοις
1117 642 1294 699 εἴρηκεν,
1326 644 1412 684 τῶν
1444 641 1489 683 δὲ
1513 638 1656 683 ἄλλων
1686 639 1789 691 τοὺς

131 713 209 767 μὲν
241 710 542 766 αἰχμαλώτους
573 710 814 766 ληφθῆναι,
844 708 946 760 τοὺς
978 704 1019 750 δ’
1042 708 1104 759 εἰς
1124 708 1178 750 τὰ
1202 709 1340 752 οἰκεῖα
1363 705 1616 766 διαφεύγειν
1634 712 1788 762 χωρία.

245 783 282 823 6.
313 779 593 832 Πτολεμαῖος
625 777 671 819 δὲ
701 776 812 831 μετὰ
843 776 920 835 τὴν
952 781 1072 834 νίκην
1102 776 1513 832 προσκαταδραμὼν
1542 775 1620 834 τὴν
1642 775 1790 831 χώραν
1823 776 1902 816 345

132 843 270 903 ὀψίας
310 845 619 902 ἐπιγενομένης
658 844 702 887 ἕν
740 859 832 888 τισι
871 844 1040 899 κώμαις
1074 846 1152 902 τῆς
1183 839 1398 895 Ἰουδαίας
1436 847 1699 899 κατέμεινεν,
1741 842 1793 894 ἃς

65 923 102 955 10
129 915 342 971 γυναικῶν
373 910 510 969 εὑρών
539 911 704 967 μεστὰς
724 914 797 956 καὶ
821 916 990 970 νηπίων
1013 911 1232 955 ἐκέλευσεν
1254 911 1356 962 τοὺς
1379 911 1652 967 στρατιώτας
1676 907 1793 954 ἀπο-

132 981 408 1040 σφάττοντας
440 976 597 1030 αὐτοὺς
632 982 704 1024 καὶ
744 982 1085 1037 κρεουργοῦντας
1117 979 1273 1022 ἔπειτα
1306 979 1368 1030 εἷς
1399 980 1583 1036 λέβητας
1620 978 1794 1030 ζέοντας

132 1048 324 1099 ἐνιέντας
363 1047 418 1091 τὰ
456 1050 564 1106 μέλη
609 1044 911 1104 ἀπάρχεσθαι.
970 1050 1100 1091 τοῦτο
1141 1048 1188 1090 δὲ
1219 1047 1501 1102 προσέταξεν,
1532 1042 1593 1089 ι”ν
1621 1046 1662 1088 οἱ
1695 1045 1792 1089 δια-
1825 1047 1905 1088 346

132 1116 344 1175 φυγόντες
383 1115 427 1158 ἐκ
464 1119 541 1174 τῆς
579 1116 720 1174 μάχης
764 1118 836 1159 καὶ
875 1114 989 1171 πρὸς
1036 1113 1194 1166 αὗτους
1240 1114 1449 1165 ελθόντες
1489 1112 1794 1171 σαρκοφάγους

131 1182 419 1239 ὑπολάβωσιι
459 1201 571 1228 ειναι
612 1183 715 1235 τοίς
740 1185 1009 1263 πολεμίους,
1051 1186 1123 1227 καὶ
1157 1182 1231 1226 διὰ
1261 1185 1390 1226 τοῦτο
1423 1182 1488 1225 ε’τι
1517 1182 1685 1236 μᾶλλον
1718 1198 1795 1223 αυ-

65 1261 102 1294 15
130 1269 232 1303 τους
268 1253 587 1307 καταπλαγῶσι
626 1248 751 1294 ταῦτ)
779 1251 960 1302 ἰδόντες.
1021 1252 1133 1307 λέγει
1174 1251 1219 1294 δὲ
1259 1252 1331 1292 καὶ
1363 1249 1572 1305 Στράβων
1602 1251 1674 1292 καὶ
1708 1253 1792 1291 Νι·
1825 1250 1905 1291 347

132 1320 303 1371 κόλαος,
350 1314 417 1362 ὅτι
463 1322 618 1362 τοῦτον
658 1315 809 1370 αὐτοῖς
855 1316 1090 1375 ἐχρήσαντο
1134 1318 1211 1362 τὸν
1253 1318 1434 1375 τρόπον,
1480 1315 1634 1367 καθώς
1679 1311 1795 1371 κάγιὺ

135 1393 389 1444 προείρηκα.
451 1386 608 1442 ἔλαβον
648 1387 695 1430 δὲ
733 1389 805 1430 καὶ
843 1386 921 1443 τὴν
952 1387 1241 1442 Πτολεμαΐδα
1279 1385 1389 1429 κατὰ
1429 1382 1599 1441 κράτος,
1632 1381 1692 1434 (ὗς
1722 1385 1796 1427 καὶ

135 1455 178 1499 ἐν
211 1451 362 1505 ἄλλοις
393 1455 584 1511 φανερὸν
616 1455 935 1513 πεποιήκαμεν.

247 1523 365 1566 XIII.
402 1527 436 1564 1.
479 1522 749 1579 Κλεοπάτρα
790 1518 832 1565 δ’
867 1520 1017 1575 ὁρῶσα
1054 1521 1131 1565 τὸν
1162 1521 1258 1565 υἱὸν
1291 1517 1584 1574 αὐξανόμενον
1614 1520 1687 1562 καὶ
1717 1518 1795 1575 τήν
1827 1519 1907 1561 348

67 1601 104 1632 20
132 1607 180 1634 τε
215 1587 431 1634 Ἰουδαίαν
470 1585 611 1640 ἀδεῶς
649 1592 911 1645 πορθοῦντα
955 1591 1027 1632 καὶ
1066 1588 1144 1647 τὴν
1185 1589 1385 1641 Γαζαίων
1430 1588 1563 1631 πόλιν
1601 1584 1796 1642 ὑπήκοον

136 1659 300 1712 ἔχοντα,
332 1658 550 1711 περιιδεῖν
588 1653 665 1699 ούκ
704 1656 812 1713 ἔγνω
850 1659 1005 1700 τοῦτον
1037 1656 1113 1700 ἐπὶ
1150 1666 1248 1708 ταῖς
1279 1657 1442 1706 πύλαις
1472 1653 1579 1699 ὄντα
1608 1655 1681 1697 καὶ
1711 1670 1797 1696 πο-

134 1728 304 1768 θοῦντα
347 1723 426 1781 τὴν
463 1726 550 1766 τιῦν
588 1724 856 1779 Αἰγυπτίων
894 1724 1028 1779 μείζω
1072 1724 1324 1780 γενόμενον,
1369 1720 1481 1766 ἀλλὰ
1527 1723 1795 1778 παραχρῆμα
1827 1723 1908 1764 349

132 1792 242 1847 μετὰ
273 1794 346 1836 καὶ
378 1793 582 1848 ναυτικῆς
621 1794 692 1835 καὶ
732 1792 866 1850 πεζῆς
897 1791 1123 1846 δυνάμεως
1154 1787 1228 1835 ἐπ)
1257 1787 1389 1834 αὐτὸν
1420 1789 1669 1847 ἐξώρμησεν
1699 1786 1798 1847 ἡγε-

132 1860 272 1916 μόνας
307 1862 386 1917 τῆς
425 1854 529 1916 ὅλης
568 1861 778 1915 στρατιᾶς
817 1855 1096 1910 ἀποδείξασα
1126 1860 1321 1902 Χελκίαν
1358 1859 1433 1901 καὶ
1461 1853 1666 1901 Ἀνανίαν
1697 1855 1800 1907 τοὺς

67 1938 104 1971 25
127 1923 380 1980 Ἰουδαίους,
412 1925 468 1969 τὰ
500 1926 547 1970 δὲ
578 1926 724 1970 πολλὰ
755 1929 834 1970 τοῦ
864 1927 1058 1970 πλούτου
1089 1928 1164 1970 καὶ
1192 1925 1295 1977 τοὺς
1326 1925 1512 1975 υἱωνοὺς
1540 1927 1612 1968 καὶ
1635 1923 1800 1980 διαθή-

246 2038 496 2074 PFLAMWE
506 2039 576 2074 Lat

249 2098 263 2130 1
292 2097 380 2138 τῶν]
405 2096 495 2142 μηδὲ
519 2098 596 2131 τῶν
619 2095 773 2130 LAMW
843 2097 1011 2142 πλησίων
1034 2095 1111 2130 PW
1183 2098 1202 2130 2
1227 2092 1274 2132 τὰ
1294 2092 1546 2141 -ἔπραττον
1563 2105 1631 2128 om.
1652 2093 1757 2127 ELat

134 2147 316 2190 τάναντία
334 2151 521 2187 FLAMW
591 2154 610 2186 3
635 2149 680 2188 τὸ
699 2162 766 2187 om.
785 2151 939 2186 LAMW
1009 2155 1031 2186 4
1055 2150 1121 2188 *oz
1137 2149 1372 2198 φονεύοντεσ
1388 2151 1481 2186 PFL
1550 2145 1717 2191 *αὐτοῖς1
1739 2143 1801 2185 αὖ·

134 2212 212 2247 τῶν
235 2209 264 2244 P
289 2214 323 2244 et
345 2209 429 2245 fort.
454 2209 524 2243 Lat
591 2203 817 2256 *α’μβλύνθη
841 2208 901 2242 PF
971 2209 1160 2244 κτίνουσιν
1183 2208 1212 2242 P
1285 2212 1304 2243 5
1329 2210 1433 2254 γοῦν]
1460 2203 1534 2254 γὰρ
1559 2206 1592 2240 Ε
1663 2200 1801 2246 αύτῶν]

135 2261 284 2313 ἀνδρῶν
307 2265 430 2300 AMW
454 2263 600 2311 ἄνδρασ
623 2265 654 2299 Ε
679 2265 844 2299 uirorum
867 2264 938 2298 Lat
1042 2268 1060 2298 7
1087 2264 1126 2300 δὲ
1148 2264 1306 2299 AMWE
1400 2261 1624 2310 διαφεύγειν]
1649 2258 1802 2307 φεύγειν

136 2322 291 2358 AMWE
305 2326 497 2385 διαφυγεῖν
511 2321 591 2357 coni
655 2324 674 2355 S
691 2322 946 2366 *προσκατω
949 2316 1056 2367 αβών
1068 2320 1129 2355 PF
1140 2330 1350 2391 peraqrans
1366 2319 1438 2355 Lat
1499 2322 1518 2354 9
1536 2315 1680 2365 *ὀψίασ
1695 2330 1802 2364 γενο-

136 2412 252 2460 μένησ
268 2412 330 2448 FL
400 2413 511 2458 *τησι
527 2411 573 2446 W
648 2408 804 2455 κώμαις]
819 2407 968 2456 χώραισ
983 2410 1139 2445 AMWE
1212 2413 1250 2446 11
1277 2410 1465 2453 *ξέοντασ
1481 2412 1521 2448 (s.
1540 2419 1585 2443 m.
1601 2411 1634 2450 2)
1650 2408 1683 2442 A
1700 2407 1803 2452 ζέον-

139 2482 209 2506 τασ
233 2469 273 2504 M
367 2471 408 2504 12
433 2463 697 2516 *ἀπέρχεσθαι
721 2466 844 2501 Naber
938 2469 977 2501 13
1001 2469 1065 2502 καὶ
1089 2477 1157 2502 om.
1181 2466 1340 2501 AMWE
1439 2467 1530 2501 *καὶ
1554 2485 1596 2489 -
1622 2462 1803 2506 ἐλθόντες

138 2535 205 2561 om.
229 2525 301 2560 Lat
369 2525 472 2570 *προ
490 2523 521 2558 F
592 2519 733 2560 αυτοὺσ
756 2522 815 2556 PF
842 2518 983 2559 αὖτοὺσ
998 2522 1188 2558 LAMWE
1260 2526 1300 2557 15
1326 2524 1443 2558 ταῦτα
1467 2521 1623 2556 LAMW
1692 2515 1802 2557 ταῦτ’

139 2601 180 2606 --
198 2584 236 2616 17
252 2582 460 2627 προείρηκα
475 2591 543 2615 om.
560 2579 672 2614 ELat
741 2576 917 2615 εἰδόντασ
933 2579 960 2613 Ρ
978 2578 1133 2615 ἰδόντασ
1150 2579 1212 2613 FL
1284 2581 1325 2614 16
1342 2575 1530 2626 ἐχρήσατο
1546 2575 1758 2611 Gutschmjd

139 2634 257 2684 κάγὼ]
280 2634 354 2683 ἐγὼ
371 2637 411 2671 Μ
506 2639 545 2670 17
572 2632 685 2682 ἔλαβε
704 2639 798 2682 (-βεν
814 2635 875 2677 A¹)
896 2634 1051 2670 AMWE
1063 2635 1134 2670 Lat
1229 2638 1268 2670 18
1294 2630 1704 2682 φανεροπεποιὴκαμεν
1727 2631 1756 2666 Ρ

141 2691 410 2739 πεποιήκαμεν,
427 2693 496 2728 litt.
514 2689 652 2738 πεποιή
666 2692 690 2726 i.
704 2701 774 2726 ras.
789 2691 835 2725 W
900 2693 940 2725 19
957 2691 996 2727 δὲ
1009 2691 1197 2726 LAMWE
1261 2693 1302 2725 20
1318 2704 1359 2727 τε
1376 2701 1444 2725 om.
1460 2689 1506 2723 W
1569 2692 1607 2724 21
1623 2692 1804 2736 περιιδεῖν

143 2767 184 2774 -
203 2751 244 2783 22
261 2744 368 2791 ἀλλὰ]
384 2748 575 2795 neqleqere
591 2748 785 2788 recusauit,
803 2747 886 2782 dum
902 2747 974 2781 iam
991 2747 1027 2781 in
1040 2748 1162 2793 portis
1184 2747 1261 2782 suis
1284 2757 1364 2781 eum
1387 2748 1613 2791 praesentem
1637 2751 1803 2791 speraret

143 2813 218 2838 esse
232 2803 398 2848 futurum
422 2809 457 2841 et
472 2805 591 2840 amari
611 2804 656 2839 ab
674 2803 855 2849 aeyyptiis
865 2807 1023 2848 propter
1038 2804 1208 2839 uirtutem
1231 2803 1309 2838 eius
1329 2806 1478 2848 putaret
1493 2812 1572 2836 eum
1595 2801 1666 2837 Lat
1735 2814 1804 2848 φο-

143 2861 284 2906 βοῦ-νεα
299 2859 423 2896 Naber
491 2864 534 2896 22
552 2858 619 2908 τὴν
635 2871 701 2896 om.
719 2859 873 2894 LAMW
944 2858 1172 2905 Αἰγυπτίων]
1190 2858 1396 2905 αἰγυπτίων
1412 2853 1533 2903 ἀρχὴν
1547 2857 1578 2891 F
1646 2860 1688 2893 23
1705 2855 1802 2902 μετὰ

143 2916 218 2956 καὶ]
241 2917 305 2951 καὶ
326 2913 421 2960 μετὰ
446 2916 509 2952 FL
533 2914 628 2962 μετὰ
654 2916 810 2951 AMWE
879 2915 1063 2959 *πεζικῆσ
1086 2914 1117 2948 F
1187 2912 1407 2961 *ἐξώρμησε
1430 2914 1461 2948 L
1485 2910 1693 2960 ἐξόρμησεν
1709 2913 1758 2949 W

145 2973 187 3006 25
213 2968 388 3014 πλούτου]
413 2970 579 3010 πλούτου
604 2968 720 3019 αὖτῆσ
747 2968 894 3014 (αὐτοῑσ
917 2972 960 3015 L)
984 2970 1139 3006 LAMW
1142 2971 1174 3006 E
1267 2968 1488 3017 *διαθήκας1
1514 2973 1664 3016 αθηκασ
1687 2969 1716 3004 Ρ
