2107 3377
216 405 296 445 143

216 609 295 648 144

214 950 292 989 145

214 1152 292 1193 146

213 1357 292 1397 147

330 152 410 191 266
758 153 920 199 ANTIQ.
944 154 1042 190 IUD.
1068 155 1154 191 XIV
1180 159 1358 192 142—147
1386 161 1470 201 (vm.
1488 165 1515 191 4.
1532 161 1562 202 5)

327 267 508 324 ληστείᾳ
539 263 626 310 ὕπὸ
650 270 901 318 Σκιπίωνος
930 277 1073 322 τυχεῖν
1105 266 1166 312 ὦν
1196 267 1320 322 ἄξιος
1350 261 1414 330 ἦν,
1447 267 1547 315 ἀλλ’
1575 267 1625 315 οὗ
1655 272 1767 316 κατὰ
1797 279 1900 330 βίαν
1919 277 1994 319 καὶ

328 329 504 377 ἀδικίαν
534 337 666 378 τοῦτο
698 338 869 378 παθεῖν
898 338 979 379 τοῦ
1009 336 1267 393 δράσαντος.

443 408 481 445 5.
518 407 558 444 T
557 402 711 452 ούτους
730 397 1028 459 Ἀντιπάτρου
1060 409 1363 463 ποιησαμένου
1395 406 1496 458 τούς
1527 407 1682 464 λόγους
1706 413 1884 464 Καῖσαρ
1902 407 1995 466 Ὑρ-

327 469 459 513 κανὸν
480 471 560 525 μὲν
583 466 896 514 ἀποδείκνυσιν
919 467 1133 529 ἀρχιερέα,
1162 470 1443 531 Ἀντιπάτρῳ
1467 471 1508 518 δ’
1533 475 1710 533 ἐφίησιν
1733 476 1994 521 δυναστείαν

328 537 379 595 ἣν
413 534 544 588 αὖτὸς
575 547 873 594 προαιρεῖται.
932 539 1090 583 τούτου
1122 541 1169 585 δὲ
1201 539 1276 585 ἐπ’
1308 539 1427 600 αὐτῷ
1458 546 1762 600 ποιησαμένου
1793 543 1872 600 τήν
1901 548 1995 601 κρί-

327 621 418 659 σιν,
458 605 704 661 ἒπίτροπον
745 602 879 649 αὐτὸν
917 602 1231 653 ἀποδείκνυσιν
1269 613 1347 668 τῆς
1376 606 1606 662 Ἰουδαίας.
1676 610 1910 664 ἐπιτρέπει
1946 612 1994 656 δὲ

325 676 399 718 καὶ
425 672 615 730 Ὑρκανῷ
649 672 704 716 τὰ
736 676 814 733 τῆς
842 676 1062 732 πατρίδος
1093 673 1339 734 ἀναστῆσαι
1370 683 1487 736 τείχη
1519 678 1681 736 ταύτην
1713 679 1994 738 αἰτησαμένῳ

324 741 403 797 τὴν
430 741 581 797 χάριν·
622 742 689 785 ἔτι
717 741 800 799 γὰρ
833 742 1046 800 ἐρήριπτο
1078 750 1322 802 Πομπηίου
1361 746 1710 802 καταβαλόντος·
1750 749 1825 790 καὶ
1854 749 1995 791 ταῦτα

326 808 579 852 ἐπιστέλλει
608 819 703 861 τοῖς
732 808 924 862 ὑπάτοις
955 811 1018 863 εἷς
1043 810 1206 871 Ῥώμην
1239 809 1498 870 ἀναγράψαι
1529 814 1574 858 έν
1603 817 1667 871 τῷ
1697 814 1995 871 Καπετωλίῳζ

325 879 398 920 καὶ
437 876 487 920 τὸ
519 877 752 933 γενόμενον
783 876 871 922 ὕπὸ
904 882 982 936 τῆς
1013 881 1251 939 συγκλήτου
1289 881 1431 938 δόγμα
1466 885 1623 926 τοῦτον
1658 883 1747 937 ἔχει
1785 881 1862 926 τὸν
1891 881 1996 939 τρό-

324 957 436 988 πον·
464 945 689 998 ,,Λεύκιος
722 942 964 1003 Οὐαλέριος
993 952 1191 992 Λευκίου
1222 948 1319 1000 υἱὸς
1350 949 1591 1007 στρατηγὸς
1623 950 1995 1005 συνεβουλεύσατο

323 1015 376 1070 τῇ
399 1013 623 1072 συγκλήτῳ
656 1014 794 1064 εἴδοις
814 1018 1110 1071 Δεκεμβρίαις
1141 1015 1186 1059 ἐν
1216 1019 1280 1073 τῷ
1310 1020 1387 1075 τῆς
1404 1014 1638 1072 Ὁμονοίας
1668 1021 1774 1074 ναῷ.
1824 1035 1996 1076 γραφο-

324 1084 441 1137 μένῳ
470 1084 533 1137 τιρ
565 1081 751 1138 δόγματι
782 1085 990 1140 παρῆσαν
1012 1083 1210 1134 Λούκιος
1240 1084 1493 1135 Κωπώνιος
1522 1090 1721 1129 Λευκίου
1752 1086 1847 1136 υἱὸς
1876 1087 1995 1129 Κολ-

325 1150 424 1192 λίνα
463 1151 537 1192 καὶ
575 1154 830 1204 Παπείριος
869 1155 1053 1205 Κυρίνα.
1128 1153 1233 1207 περὶ
1273 1147 1334 1195 ὦν
1370 1148 1658 1210 Ἀλέξανδρος
1688 1149 1884 1204 Ἰάσονος
1921 1154 1996 1197 καὶ

325 1217 578 1274 Νουμήνιος
618 1214 845 1272 Ἀντιόχου
889 1221 964 1262 καὶ
1001 1215 1289 1274 Ἀλέξανδρος
1327 1223 1577 1277 Δωροθέου
1612 1216 1837 1264 Ἰουδαίων
1884 1237 1996 1277 πρε-

325 1288 527 1343 σβευταί,
574 1283 727 1341 ἄνδρες
767 1282 935 1342 ἀγαθοὶ
974 1289 1048 1330 καὶ
1087 1286 1310 1342 σύμμαχοι
1350 1287 1643 1347 διελέχθησαν
1681 1285 1995 1344 ἀνανεούμενοι

323 1352 402 1403 τὰς
440 1357 815 1411 προϋπηργμένας
854 1354 971 1410 πρὸς
996 1352 1236 1419 Ῥωμαίους
1271 1355 1456 1410 χάριτας
1494 1359 1567 1400 καὶ
1601 1355 1680 1414 τὴν
1711 1358 1880 1414 φιλίαν,
1919 1358 1994 1401 καὶ

323 1416 498 1464 ἇσπίδα
524 1425 688 1480 χρυσῆν
721 1422 940 1478 σύμβολον
970 1425 1048 1481 τῆς
1079 1428 1330 1479 συμμαχίας
1367 1428 1601 1482 γενομένην
1632 1421 1868 1482 ἀνήνεγκαν
1899 1420 1991 1469 ἀπὸ

319 1492 492 1543 χρυσῶν
524 1490 754 1546 μυριάδων
793 1494 946 1544 πέντε,
995 1493 1068 1535 καὶ
1107 1488 1329 1548 γράμματ’
1375 1488 1525 1543 αὐτοῖς
1567 1488 1763 1550 ἠξίωσαν
1801 1493 1996 1551 δοθῆναι

322 1557 438 1612 πρός
475 1573 524 1601 τε
554 1557 634 1609 τὰς
666 1554 1050 1614 αὐτονομουμένας
1089 1559 1247 1611 πόλεις
1285 1562 1358 1604 καὶ
1389 1559 1505 1617 πρὸς
1541 1563 1743 1616 βασιλεῖς
1772 1558 1886 1617 ἱπὲρ
1915 1563 1996 1604 τοῦ

321 1625 400 1681 τὴν
418 1625 565 1682 χώραν
598 1623 741 1670 αὐτῶν
771 1626 968 1679 καὶτοὺς
999 1629 1179 1682 λιμένας
1205 1625 1360 1680 ἀδείας
1389 1629 1613 1685 τυγχάνειν
1643 1631 1716 1673 καὶ
1737 1629 1874 1687 μηδὲν
1895 1625 1996 1672 ἀδι-

435 1729 455 1770 ξ
484 1729 546 1762 143
572 1744 616 1756 =
642 1728 722 1763 bell.
747 1728 826 1763 Iud.
853 1729 869 1762 I
896 1731 972 1764 199.

436 1807 800 1842 PFLAMWVELat
812 1807 974 1843 Zonaras
998 1808 1015 1842 I
1038 1819 1073 1852 p.
1096 1811 1174 1843 405.

439 1889 454 1921 1
482 1865 704 1932 σκήπίωνοσ
719 1885 749 1919 F
775 1886 999 1928 σκιπίωνοσ,
1024 1887 1047 1922 i.
1065 1896 1176 1931 marg.
1201 1888 1371 1932 ascripsit
1394 1902 1415 1933 η
1431 1887 1465 1920 A
1490 1888 1708 1933 σκηπίωνοσ
1724 1886 1798 1922 ΜΕ
1869 1889 1888 1921 2
1915 1888 1996 1929 τοῦ]

321 1939 396 1979 ὑπὸ
423 1946 491 1979 τοῦ
516 1944 546 1977 Ε
642 1946 660 1977 3
686 1943 709 1977 i.
734 1953 846 1988 marg.
873 1942 1045 1978 XVIIII
1063 1944 1133 1978 Lat
1173 1961 1177 1963 ·
1227 1946 1391 1991 Καῖσαρ]
1417 1941 1521 1991 προσ
1544 1945 1711 2000 καίσαρα
1738 1943 1782 1978 W
1854 1946 1875 1977 4
1900 1937 1996 1980 άπο-

321 2022 479 2059 δείκνυσι
504 2022 534 2056 L
640 2018 677 2058 δ’
701 2021 861 2070 ἐφίησιν]
887 2023 925 2060 δὲ
950 2025 1077 2059 δίδωσι
1102 2026 1165 2065 (-ιν
1189 2023 1248 2065 W)
1273 2023 1427 2058 LAMW
1452 2019 1489 2059 δ’
1514 1990 1663 2069 ἐῗίιᾷηαδῗέ
1686 2023 1716 2057 F
1741 2022 1780 2059 δὲ
1805 2018 1938 2069 οἷφίησι
1962 2021 1994 2056 E

322 2091 408 2114 uero
433 2100 475 2104 —
500 2079 651 2114 donauit
675 2079 745 2114 Lat
860 2079 1127 2125 *δυναστείιιν]
1154 2081 1338 2127 στρατιάν
1362 2080 1390 2114 Ρ
1409 2086 1626 2126 potestatem
1651 2080 1723 2114 Lat
1827 2082 1846 2113 5
1872 2081 1995 2125 *προ-

322 2143 495 2181 αιρεῖτιιι,
522 2149 542 2172 ο
569 2146 596 2172 s.
614 2147 658 2170 m.
677 2139 695 2170 2
714 2136 744 2170 L
853 2131 991 2173 zofftov
1016 2157 1058 2161 —
1082 2138 1205 2183 κρίσιν
1229 2147 1298 2172 om.
1325 2137 1395 2172 Lat
1488 2134 1638 2178 τούτου]
1664 2139 1778 2173 τοῦτο
1803 2135 1832 2170 Ρ
1856 2133 1995 2181 ταύτην

320 2193 351 2227 Ε
446 2194 496 2235 δὲ]
523 2204 590 2228 om.
618 2193 645 2227 P
671 2188 708 2229 δ’
733 2193 764 2227 Ε
881 2194 946 2230 *δὲ
970 2189 1049 2235 ἐπ’]
1076 2193 1213 2238 Ιυεεπ
1239 2193 1268 2227 F
1377 2192 1638 2240 ποιησάμενοσ
1663 2193 1743 2227 WE
1826 2195 1846 2228 6
1870 2187 1995 2229 *α’πο-

2026 891 2063 925 10

2026 1210 2083 1288 15:

2024 1571 2062 1604 2⁰
2103 1587 2107 1623 3

320 2252 514 2292 δείκνυσιν]
540 2251 764 2285 constituens
788 2251 858 2285 Lat
929 2254 946 2284 ἰ’
973 2253 1057 2286 *καὶ
1082 2261 1150 2286 om.
1173 2251 1220 2284 W
1290 2252 1512 2297 *πάτρι’δος]
1541 2251 1750 2297 {umidos
1774 2249 1804 2284 F
1873 2248 1995 2295 *αἰτη-
2049 2293 2055 2296 -

321 2307 488 2352 σαμε-’νου
512 2306 605 2342 PFL
700 2310 719 2342 8
745 2304 795 2344 ἔτι
823 2304 897 2355 γὰρ
922 2304 1116 2354 ἐρήριπτο]
1143 2304 1299 2355 ἔρριπτο
1326 2304 1400 2353 γὰρ
1425 2304 1477 2344 ἐ-’τι
1505 2308 1533 2342 F
1559 2305 1716 2354 ἔρριπτο
1742 2303 1817 2353 γὰρ
1839 2304 1995 2340 LAMW

320 2361 373 2401 ἔτι
398 2363 471 2411 γὰρ
497 2362 653 2412 ἔρριπτο
681 2364 712 2399 Ε
743 2375 827 2399 nam
860 2364 980 2400 acllmc
1011 2364 1125 2399 diruti
1155 2364 1319 2399 iacebant
1342 2363 1413 2398 Lat
1550 2359 1690 2402 *ταῦτ’
1715 2363 1744 2398 F
1749 2361 1903 2398 LAMW

321 2424 340 2456 9
367 2420 636 2466 *ἐΙωυὲλλει
661 2420 691 2454 F
788 2424 824 2456 11
852 2421 875 2455 i.
894 2431 1003 2465 marg.
1029 2418 1092 2456 κα’
1119 2420 1149 2454 L
1258 2422 1432 2462 Λευκίου]
1459 2418 1615 2457 λοὺκιοσ
1640 2420 1667 2454 Ρ
1767 2415 1993 2466 στρατηγὸς]

321 2478 448 2513 consul
470 2478 541 2512 Lat
617 2481 654 2512 12
679 2481 776 2514 ϊδοισ
801 2478 827 2512 Ρ
854 2478 971 2514 εἰδοῖσ
996 2477 1101 2512 LAM
1198 2479 1236 2511 13
1262 2475 1408 2519 asi-mog
1433 2477 1487 2512 cd.
1514 2488 1566 2522 pr.
1649 2474 1848 2513 κοπώνιοσ
1872 2475 1995 2511 AMW

320 2535 467 2579 copiam
493 2535 564 2569 Lat
656 2536 821 2571 Λευκίου
845 2532 925 2577 υἱὸς
949 2545 1018 2570 om.
1045 2534 1072 2568 P
1189 2532 1274 2570 υὶὸσ
1298 2534 1319 2568 i.
1342 2544 1411 2569 ras,
1439 2534 1467 2568 F
1585 2535 1752 2570 Κολλίνα
1777 2544 1846 2568 om.
1871 2531 1902 2567 F

326 2595 365 2626 14
382 2594 443 2628 καὶ
463 2593 683 2638 Παπείριος]
710 2598 744 2627 et
769 2592 916 2637 cepario
944 2592 1117 2637 (ceplerio
1135 2591 1212 2625 cod.
1233 2590 1333 2631 Can.)
1350 2590 1419 2624 Lat
1489 2591 1676 2635 παπίριοσ
1702 2589 1847 2624 FLAW
1873 2585 1994 2626 παπύ·

322 2662 407 2695 ριοσ
432 2649 471 2684 M
572 2652 705 2694 κυρινιὶ
730 2648 827 2683 FLA
944 2643 1189 2693 Ἀλέξανδρος]
1214 2644 1456 2692 Ἀντίπατρος
1481 2646 1620 2681 Ritschl
1646 2657 1735 2681 mus.
1753 2645 1823 2681 Rh.
1843 2648 1897 2687 28,
1915 2648 1994 2688 516,

321 2715 415 2740 anno
441 2715 473 2739 a.
494 2704 576 2739 Chr.
599 2709 660 2740 139
687 2706 829 2740 Simone
854 2705 1094 2740 sacerdotium
1120 2710 1263 2740 tenente
1288 2704 1376 2739 haec
1401 2709 1501 2747 gesta
1525 2713 1602 2738 esse
1618 2706 1750 2747 putans
1822 2699 1994 2739 ἰάσωνοσ

320 2761 408 2796 LM¹
506 2765 544 2796 15
571 2760 801 2808 νοουμὴνιοσ
826 2761 854 2796 F
964 2766 1000 2796 17
1029 2763 1170 2808 φιλίαν]
1196 2759 1331 2808 φιάλην
1356 2760 1418 2794 FL
1494 2762 1554 2794 18
1580 2759 1796 2806 γενομένην,
1821 2772 1863 2806 γε
1889 2769 1933 2794 ex
1957 2771 1993 2805 γι

321 2829 412 2853 corr.
440 2819 470 2853 L
588 2822 628 2853 19
651 2821 816 2866 χρυσῶν]
841 2818 1041 2853 solidorum
1067 2818 1138 2854 Lat
1229 2821 1270 2852 20
1298 2831 1338 2853 τε
1363 2828 1431 2852 om.
1458 2815 1580 2851 AMW
1673 2817 1741 2850 litt.
1776 2828 1832 2852 εισ
1865 2817 1928 2851 καὶ
1953 2834 1994 2841 -

321 2878 389 2911 τοῦ
415 2873 482 2920 τὴν
498 2876 520 2910 i.
539 2885 609 2911 ras.
629 2876 836 2918 angustiore
854 2886 898 2910 m.
919 2878 937 2909 2
954 2875 988 2911 A
1058 2877 1121 2911 καὶ
1136 2895 1182 2902 -
1198 2877 1367 2922 βασιλεῖς
1388 2885 1455 2908 om.
1474 2873 1593 2907 WLat
1664 2870 1763 2918 πρὸς
1788 2883 1855 2907 om.
1874 2870 1948 2905 AM

323 2934 360 2966 21
391 2929 469 2977 τὴν]
495 2929 562 2978 τήν
587 2945 626 2969 τε
653 2931 714 2969 FL
808 2927 920 2967 α’δίασ
947 2932 973 2966 Ρ
1066 2931 1206 2978 μηδένα
1232 2930 1293 2966 FL
