<?xml version="1.0" encoding="UTF-8"?>
<!DOCTYPE html PUBLIC "-//W3C//DTD XHTML 1.0 Transitional//EN"
    "http://www.w3.org/TR/xhtml1/DTD/xhtml1-transitional.dtd">
<html xmlns="http://www.w3.org/1999/xhtml" xml:lang="en" lang="en">
 <head>
  <title>
</title>
<meta http-equiv="Content-Type" content="text/html;charset=utf-8" />
  <meta name='ocr-system' content='tesseract 3.04.00' />
  <meta name='ocr-capabilities' content='ocr_page ocr_carea ocr_par ocr_line ocrx_word'/>
</head>
<body>
  <div class='ocr_page' id='page_1' title='image "./operajosephus03joseuoft_0019.png"; bbox 0 0 2029 3392; ppageno 0'>
   <div class='ocr_carea' id='block_1_1' title="bbox 809 207 1739 247">
    <p class='ocr_par' dir='ltr' id='par_1_1' title="bbox 809 207 1739 247">
     <span class='ocr_line' id='line_1_1' title="bbox 809 207 1739 247; baseline -0.009 0"><span class='ocrx_word' id='word_1_1' title='bbox 809 211 1001 247; x_wconf 79' lang='lat' dir='ltr'>Praefatio.</span> <span class='ocrx_word' id='word_1_2' title='bbox 1678 207 1703 240; x_wconf 68' lang='grc' dir='ltr'>Χ</span> <span class='ocrx_word' id='word_1_3' title='bbox 1715 207 1739 238; x_wconf 75' lang='lat' dir='ltr'>V</span> 
     </span>
    </p>
   </div>
   <div class='ocr_carea' id='block_1_2' title="bbox 79 322 1758 2832">
    <p class='ocr_par' dir='ltr' id='par_1_2' title="bbox 79 322 1740 525">
     <span class='ocr_line' id='line_1_2' title="bbox 80 322 1740 386; baseline -0.014 -5"><span class='ocrx_word' id='word_1_4' title='bbox 80 340 178 380; x_wconf 75' lang='lat' dir='ltr'>Xlll</span> <span class='ocrx_word' id='word_1_5' title='bbox 214 336 442 386; x_wconf 75' lang='lat'>163—165,</span> <span class='ocrx_word' id='word_1_6' title='bbox 474 332 709 381; x_wconf 73' lang='lat'>259—200,</span> <span class='ocrx_word' id='word_1_7' title='bbox 741 328 838 370; x_wconf 86' lang='lat' dir='ltr'>XIV</span> <span class='ocrx_word' id='word_1_8' title='bbox 876 329 1106 377; x_wconf 71' lang='lat'>1-13—155,</span> <span class='ocrx_word' id='word_1_9' title='bbox 1140 323 1216 366; x_wconf 85' lang='lat' dir='ltr'>XV</span> <span class='ocrx_word' id='word_1_10' title='bbox 1248 324 1476 373; x_wconf 61' lang='grc'>187-261,</span> <span class='ocrx_word' id='word_1_11' title='bbox 1506 322 1740 372; x_wconf 62' lang='grc'>342-3411,</span> 
     </span>
     <span class='ocr_line' id='line_1_3' title="bbox 79 389 1740 459; baseline -0.013 -10"><span class='ocrx_word' id='word_1_12' title='bbox 79 407 176 448; x_wconf 69' lang='lat' dir='ltr'>xvi</span> <span class='ocrx_word' id='word_1_13' title='bbox 195 411 230 459; x_wconf 76' lang='lat' dir='ltr'>o,</span> <span class='ocrx_word' id='word_1_14' title='bbox 254 403 427 454; x_wconf 71' lang='lat'><strong>12-26,</strong></span> <span class='ocrx_word' id='word_1_15' title='bbox 445 401 680 450; x_wconf 62' lang='lat'>294-299,</span> <span class='ocrx_word' id='word_1_16' title='bbox 700 398 935 448; x_wconf 65' lang='lat' dir='ltr'>asa-353,</span> <span class='ocrx_word' id='word_1_17' title='bbox 959 393 1097 435; x_wconf 75' lang='lat' dir='ltr'>xvm</span> <span class='ocrx_word' id='word_1_18' title='bbox 1119 392 1353 443; x_wconf 69' lang='lat' dir='ltr'>2f›7—-‘2‹32‚</span> <span class='ocrx_word' id='word_1_19' title='bbox 1377 389 1479 431; x_wconf 74' lang='grc' dir='ltr'>ΧΙΧ</span> <span class='ocrx_word' id='word_1_20' title='bbox 1499 390 1740 440; x_wconf 63' lang='lat' dir='ltr'>:sas—:3123</span> 
     </span>
     <span class='ocr_line' id='line_1_4' title="bbox 82 457 1537 525; baseline -0.013 -9"><span class='ocrx_word' id='word_1_21' title='bbox 82 475 120 516; x_wconf 90' lang='lat' dir='ltr'>in</span> <span class='ocrx_word' id='word_1_22' title='bbox 153 475 350 525; x_wconf 87' lang='lat' dir='ltr'>excerpta</span> <span class='ocrx_word' id='word_1_23' title='bbox 379 467 432 510; x_wconf 91' lang='lat' dir='ltr'>de</span> <span class='ocrx_word' id='word_1_24' title='bbox 464 465 745 520; x_wconf 80' lang='lat' dir='ltr'>legationibus</span> <span class='ocrx_word' id='word_1_25' title='bbox 777 464 910 505; x_wconf 82' lang='lat' dir='ltr'>altera</span> <span class='ocrx_word' id='word_1_26' title='bbox 941 462 1017 503; x_wconf 93' lang='lat' dir='ltr'>XV</span> <span class='ocrx_word' id='word_1_27' title='bbox 1047 464 1135 514; x_wconf 77' lang='grc'>12-1,</span> <span class='ocrx_word' id='word_1_28' title='bbox 1167 457 1306 500; x_wconf 89' lang='lat' dir='ltr'>XVIII</span> <span class='ocrx_word' id='word_1_29' title='bbox 1330 459 1537 497; x_wconf 64' lang='lat' dir='ltr'>ilo—105.</span> 
     </span>
    </p>

    <p class='ocr_par' dir='ltr' id='par_1_3' title="bbox 80 526 1741 725">
     <span class='ocr_line' id='line_1_5' title="bbox 193 526 1741 591; baseline -0.01 -9"><span class='ocrx_word' id='word_1_30' title='bbox 193 539 400 591; x_wconf 75' lang='lat' dir='ltr'>Excerpta</span> <span class='ocrx_word' id='word_1_31' title='bbox 421 533 576 577; x_wconf 83' lang='lat' dir='ltr'>codicis</span> <span class='ocrx_word' id='word_1_32' title='bbox 599 533 869 587; x_wconf 84' lang='lat' dir='ltr'>Neapolitani</span> <span class='ocrx_word' id='word_1_33' title='bbox 900 547 959 586; x_wconf 79' lang='lat' dir='ltr'>gr.</span> <span class='ocrx_word' id='word_1_34' title='bbox 983 534 1043 575; x_wconf 90' lang='lat' dir='ltr'>lll</span> <span class='ocrx_word' id='word_1_35' title='bbox 1068 532 1098 573; x_wconf 81' lang='grc' dir='ltr'><strong>Β</strong></span> <span class='ocrx_word' id='word_1_36' title='bbox 1130 536 1174 574; x_wconf 62' lang='grc'>15</span> <span class='ocrx_word' id='word_1_37' title='bbox 1201 531 1439 586; x_wconf 80' lang='lat' dir='ltr'>bombycini</span> <span class='ocrx_word' id='word_1_38' title='bbox 1462 526 1634 575; x_wconf 85' lang='lat' dir='ltr'>saeculo</span> <span class='ocrx_word' id='word_1_39' title='bbox 1657 527 1741 568; x_wconf 88' lang='lat' dir='ltr'>t&#39;crc</span> 
     </span>
     <span class='ocr_line' id='line_1_6' title="bbox 80 594 1741 657; baseline -0.01 -5"><span class='ocrx_word' id='word_1_40' title='bbox 80 608 176 652; x_wconf 86' lang='lat' dir='ltr'>XIV</span> <span class='ocrx_word' id='word_1_41' title='bbox 215 603 375 649; x_wconf 85' lang='lat' dir='ltr'>exarati</span> <span class='ocrx_word' id='word_1_42' title='bbox 413 604 454 645; x_wconf 92' lang='lat' dir='ltr'>in</span> <span class='ocrx_word' id='word_1_43' title='bbox 494 601 754 657; x_wconf 82' lang='lat' dir='ltr'>praefatione</span> <span class='ocrx_word' id='word_1_44' title='bbox 786 601 868 644; x_wconf 89' lang='lat' dir='ltr'>uol.</span> <span class='ocrx_word' id='word_1_45' title='bbox 902 602 917 642; x_wconf 93' lang='lat' dir='ltr'>l</span> <span class='ocrx_word' id='word_1_46' title='bbox 950 615 988 655; x_wconf 91' lang='lat' dir='ltr'>p.</span> <span class='ocrx_word' id='word_1_47' title='bbox 1012 601 1136 642; x_wconf 90' lang='lat' dir='ltr'>XXX</span> <span class='ocrx_word' id='word_1_48' title='bbox 1169 601 1302 654; x_wconf 80' lang='lat' dir='ltr'>tetigi.</span> <span class='ocrx_word' id='word_1_49' title='bbox 1360 614 1503 643; x_wconf 88' lang='lat' dir='ltr'>corum</span> <span class='ocrx_word' id='word_1_50' title='bbox 1541 609 1650 652; x_wconf 89' lang='lat' dir='ltr'>quae</span> <span class='ocrx_word' id='word_1_51' title='bbox 1688 594 1741 636; x_wconf 90' lang='lat' dir='ltr'>ad</span> 
     </span>
     <span class='ocr_line' id='line_1_7' title="bbox 84 668 1434 725; baseline -0.005 -7"><span class='ocrx_word' id='word_1_52' title='bbox 84 677 206 720; x_wconf 80' lang='lat' dir='ltr'>hosce</span> <span class='ocrx_word' id='word_1_53' title='bbox 235 673 364 715; x_wconf 87' lang='lat' dir='ltr'>libros</span> <span class='ocrx_word' id='word_1_54' title='bbox 394 671 605 725; x_wconf 80' lang='lat' dir='ltr'>pertinent</span> <span class='ocrx_word' id='word_1_55' title='bbox 636 668 844 723; x_wconf 83' lang='lat' dir='ltr'>quaedam</span> <span class='ocrx_word' id='word_1_56' title='bbox 876 669 1051 711; x_wconf 90' lang='lat' dir='ltr'>contulit</span> <span class='ocrx_word' id='word_1_57' title='bbox 1082 670 1294 723; x_wconf 81' lang='lat' dir='ltr'>Augustus</span> <span class='ocrx_word' id='word_1_58' title='bbox 1325 669 1434 711; x_wconf 87' lang='lat' dir='ltr'>Mau.</span> 
     </span>
    </p>

    <p class='ocr_par' dir='ltr' id='par_1_4' title="bbox 80 735 1746 1134">
     <span class='ocr_line' id='line_1_8' title="bbox 191 735 1741 791; baseline -0.005 -7"><span class='ocrx_word' id='word_1_59' title='bbox 191 740 326 785; x_wconf 78' lang='lat' dir='ltr'>codex</span> <span class='ocrx_word' id='word_1_60' title='bbox 366 738 584 781; x_wconf 87' lang='lat' dir='ltr'>Palatinus</span> <span class='ocrx_word' id='word_1_61' title='bbox 623 737 997 791; x_wconf 82' lang='lat' dir='ltr'>Heidelbergensis</span> <span class='ocrx_word' id='word_1_62' title='bbox 1037 751 1095 779; x_wconf 91' lang='lat' dir='ltr'>nr.</span> <span class='ocrx_word' id='word_1_63' title='bbox 1134 740 1208 778; x_wconf 68' lang='grc'>129</span> <span class='ocrx_word' id='word_1_64' title='bbox 1250 737 1545 780; x_wconf 85' lang='lat' dir='ltr'>miscellaneus</span> <span class='ocrx_word' id='word_1_65' title='bbox 1585 735 1741 778; x_wconf 85' lang='lat' dir='ltr'>saeculi</span> 
     </span>
     <span class='ocr_line' id='line_1_9' title="bbox 82 804 1744 859; baseline -0.005 -5"><span class='ocrx_word' id='word_1_66' title='bbox 82 813 166 855; x_wconf 80' lang='lat' dir='ltr'>fere</span> <span class='ocrx_word' id='word_1_67' title='bbox 197 809 275 851; x_wconf 90' lang='lat' dir='ltr'>XV</span> <span class='ocrx_word' id='word_1_68' title='bbox 308 809 346 849; x_wconf 87' lang='lat' dir='ltr'>in</span> <span class='ocrx_word' id='word_1_69' title='bbox 380 808 449 849; x_wconf 85' lang='lat' dir='ltr'>t&#39;ol.</span> <span class='ocrx_word' id='word_1_70' title='bbox 491 808 704 847; x_wconf 74' lang='lat'><strong>132—137</strong></span> <span class='ocrx_word' id='word_1_71' title='bbox 744 806 921 847; x_wconf 88' lang='lat' dir='ltr'>frustula</span> <span class='ocrx_word' id='word_1_72' title='bbox 962 804 1172 857; x_wconf 81' lang='lat' dir='ltr'>quaedam</span> <span class='ocrx_word' id='word_1_73' title='bbox 1214 819 1265 848; x_wconf 79' lang='lat' dir='ltr'>ex</span> <span class='ocrx_word' id='word_1_74' title='bbox 1299 805 1478 859; x_wconf 84' lang='lat' dir='ltr'>losepho</span> <span class='ocrx_word' id='word_1_75' title='bbox 1520 804 1744 859; x_wconf 78' lang='lat' dir='ltr'>excerpsit,</span> 
     </span>
     <span class='ocr_line' id='line_1_10' title="bbox 80 872 1743 932; baseline -0.004 -12"><span class='ocrx_word' id='word_1_76' title='bbox 80 890 254 932; x_wconf 87' lang='lat' dir='ltr'>quorum</span> <span class='ocrx_word' id='word_1_77' title='bbox 277 875 471 918; x_wconf 88' lang='lat' dir='ltr'>ultimum</span> <span class='ocrx_word' id='word_1_78' title='bbox 494 874 595 916; x_wconf 91' lang='lat' dir='ltr'>XIX</span> <span class='ocrx_word' id='word_1_79' title='bbox 618 878 643 926; x_wconf 59' lang='grc' dir='ltr'><strong>ἕ</strong></span> <span class='ocrx_word' id='word_1_80' title='bbox 668 876 745 915; x_wconf 81' lang='grc'>166</span> <span class='ocrx_word' id='word_1_81' title='bbox 769 873 934 925; x_wconf 86' lang='lat' dir='ltr'>desinit,</span> <span class='ocrx_word' id='word_1_82' title='bbox 959 885 1067 926; x_wconf 87' lang='lat' dir='ltr'>quae</span> <span class='ocrx_word' id='word_1_83' title='bbox 1089 873 1256 928; x_wconf 83' lang='lat' dir='ltr'>inspexi</span> <span class='ocrx_word' id='word_1_84' title='bbox 1279 878 1320 915; x_wconf 91' lang='lat' dir='ltr'>et</span> <span class='ocrx_word' id='word_1_85' title='bbox 1342 878 1503 926; x_wconf 88' lang='lat' dir='ltr'>partem</span> <span class='ocrx_word' id='word_1_86' title='bbox 1528 872 1743 927; x_wconf 78' lang='lat' dir='ltr'>descripsi.</span> 
     </span>
     <span class='ocr_line' id='line_1_11' title="bbox 80 939 1746 996; baseline -0.003 -8"><span class='ocrx_word' id='word_1_87' title='bbox 80 944 132 988; x_wconf 88' lang='lat' dir='ltr'>de</span> <span class='ocrx_word' id='word_1_88' title='bbox 163 943 308 987; x_wconf 87' lang='lat' dir='ltr'>codiee</span> <span class='ocrx_word' id='word_1_89' title='bbox 343 942 597 985; x_wconf 74' lang='lat' dir='ltr'>Bai-roeiano</span> <span class='ocrx_word' id='word_1_90' title='bbox 629 955 688 983; x_wconf 90' lang='lat' dir='ltr'>nr.</span> <span class='ocrx_word' id='word_1_91' title='bbox 723 944 774 982; x_wconf 78' lang='lat'>30</span> <span class='ocrx_word' id='word_1_92' title='bbox 808 946 849 984; x_wconf 89' lang='lat' dir='ltr'>et</span> <span class='ocrx_word' id='word_1_93' title='bbox 870 941 1150 984; x_wconf 86' lang='lat' dir='ltr'>Ambrosiano</span> <span class='ocrx_word' id='word_1_94' title='bbox 1183 942 1216 982; x_wconf 87' lang='lat' dir='ltr'>E</span> <span class='ocrx_word' id='word_1_95' title='bbox 1241 944 1293 982; x_wconf 80' lang='grc'>64</span> <span class='ocrx_word' id='word_1_96' title='bbox 1326 941 1473 996; x_wconf 83' lang='lat' dir='ltr'>Super.</span> <span class='ocrx_word' id='word_1_97' title='bbox 1509 939 1605 982; x_wconf 86' lang='lat' dir='ltr'>uide</span> <span class='ocrx_word' id='word_1_98' title='bbox 1637 953 1746 995; x_wconf 86' lang='lat' dir='ltr'>quae</span> 
     </span>
     <span class='ocr_line' id='line_1_12' title="bbox 80 1007 1746 1067; baseline -0.004 -12"><span class='ocrx_word' id='word_1_99' title='bbox 80 1011 169 1055; x_wconf 86' lang='lat' dir='ltr'>dixi</span> <span class='ocrx_word' id='word_1_100' title='bbox 191 1012 232 1054; x_wconf 88' lang='lat' dir='ltr'>in</span> <span class='ocrx_word' id='word_1_101' title='bbox 254 1009 516 1067; x_wconf 78' lang='lat' dir='ltr'>praefatione</span> <span class='ocrx_word' id='word_1_102' title='bbox 538 1010 620 1052; x_wconf 92' lang='lat' dir='ltr'>uol.</span> <span class='ocrx_word' id='word_1_103' title='bbox 643 1010 661 1050; x_wconf 95' lang='grc' dir='ltr'>Ι</span> <span class='ocrx_word' id='word_1_104' title='bbox 683 1024 721 1064; x_wconf 90' lang='lat' dir='ltr'>p.</span> <span class='ocrx_word' id='word_1_105' title='bbox 745 1009 881 1051; x_wconf 87' lang='lat' dir='ltr'>XXX.</span> <span class='ocrx_word' id='word_1_106' title='bbox 931 1010 1190 1052; x_wconf 83' lang='lat' dir='ltr'>Bai-occiana</span> <span class='ocrx_word' id='word_1_107' title='bbox 1212 1022 1290 1052; x_wconf 89' lang='lat' dir='ltr'>nee</span> <span class='ocrx_word' id='word_1_108' title='bbox 1321 1008 1408 1051; x_wconf 89' lang='lat' dir='ltr'>uidi</span> <span class='ocrx_word' id='word_1_109' title='bbox 1440 1022 1517 1051; x_wconf 87' lang='lat' dir='ltr'>nee</span> <span class='ocrx_word' id='word_1_110' title='bbox 1547 1012 1662 1051; x_wconf 89' lang='lat' dir='ltr'>certa</span> <span class='ocrx_word' id='word_1_111' title='bbox 1694 1007 1746 1050; x_wconf 89' lang='lat' dir='ltr'>de</span> 
     </span>
     <span class='ocr_line' id='line_1_13' title="bbox 81 1077 1445 1134; baseline -0.003 -11"><span class='ocrx_word' id='word_1_112' title='bbox 81 1080 141 1124; x_wconf 87' lang='lat' dir='ltr'>eis</span> <span class='ocrx_word' id='word_1_113' title='bbox 173 1083 387 1134; x_wconf 88' lang='lat' dir='ltr'>comperta</span> <span class='ocrx_word' id='word_1_114' title='bbox 418 1077 568 1130; x_wconf 85' lang='lat' dir='ltr'>habeo,</span> <span class='ocrx_word' id='word_1_115' title='bbox 600 1090 676 1120; x_wconf 89' lang='lat' dir='ltr'>nec</span> <span class='ocrx_word' id='word_1_116' title='bbox 707 1077 848 1129; x_wconf 86' lang='lat' dir='ltr'>magni</span> <span class='ocrx_word' id='word_1_117' title='bbox 881 1089 973 1119; x_wconf 86' lang='lat' dir='ltr'>esse</span> <span class='ocrx_word' id='word_1_118' title='bbox 1006 1077 1204 1119; x_wconf 86' lang='lat' dir='ltr'>uidentur</span> <span class='ocrx_word' id='word_1_119' title='bbox 1236 1078 1445 1119; x_wconf 84' lang='lat' dir='ltr'>momenti.</span> 
     </span>
    </p>

    <p class='ocr_par' dir='ltr' id='par_1_5' title="bbox 80 1144 1758 2832">
     <span class='ocr_line' id='line_1_14' title="bbox 193 1144 1745 1198; baseline -0.003 -9"><span class='ocrx_word' id='word_1_120' title='bbox 193 1148 411 1190; x_wconf 89' lang='lat' dir='ltr'>Postremo</span> <span class='ocrx_word' id='word_1_121' title='bbox 444 1145 839 1189; x_wconf 85' lang='lat' dir='ltr'>commemorandus</span> <span class='ocrx_word' id='word_1_122' title='bbox 883 1150 947 1187; x_wconf 89' lang='lat' dir='ltr'>est</span> <span class='ocrx_word' id='word_1_123' title='bbox 986 1145 1122 1188; x_wconf 78' lang='lat' dir='ltr'>codex</span> <span class='ocrx_word' id='word_1_124' title='bbox 1154 1144 1408 1188; x_wconf 79' lang='lat' dir='ltr'>Oxoniensis</span> <span class='ocrx_word' id='word_1_125' title='bbox 1449 1144 1616 1198; x_wconf 85' lang='lat' dir='ltr'>collegii</span> <span class='ocrx_word' id='word_1_126' title='bbox 1648 1144 1745 1186; x_wconf 92' lang='lat' dir='ltr'>noui</span> 
     </span>
     <span class='ocr_line' id='line_1_15' title="bbox 80 1213 1748 1269; baseline -0.003 -11"><span class='ocrx_word' id='word_1_127' title='bbox 80 1229 138 1259; x_wconf 90' lang='lat' dir='ltr'>nr.</span> <span class='ocrx_word' id='word_1_128' title='bbox 163 1219 214 1257; x_wconf 77' lang='grc'>44</span> <span class='ocrx_word' id='word_1_129' title='bbox 234 1216 262 1269; x_wconf 93' lang='lat'>¹)</span> <span class='ocrx_word' id='word_1_130' title='bbox 287 1214 632 1257; x_wconf 88' lang='lat' dir='ltr'>membranaceus</span> <span class='ocrx_word' id='word_1_131' title='bbox 659 1213 852 1256; x_wconf 88' lang='lat' dir='ltr'>foliorum</span> <span class='ocrx_word' id='word_1_132' title='bbox 879 1215 955 1254; x_wconf 77' lang='lat'>231</span> <span class='ocrx_word' id='word_1_133' title='bbox 983 1213 1140 1256; x_wconf 87' lang='lat' dir='ltr'>saeculi</span> <span class='ocrx_word' id='word_1_134' title='bbox 1163 1213 1238 1268; x_wconf 86' lang='lat' dir='ltr'>XI,</span> <span class='ocrx_word' id='word_1_135' title='bbox 1269 1214 1311 1255; x_wconf 89' lang='lat' dir='ltr'>in</span> <span class='ocrx_word' id='word_1_136' title='bbox 1334 1226 1414 1266; x_wconf 90' lang='lat' dir='ltr'>quo</span> <span class='ocrx_word' id='word_1_137' title='bbox 1438 1217 1479 1256; x_wconf 87' lang='lat' dir='ltr'>et</span> <span class='ocrx_word' id='word_1_138' title='bbox 1501 1213 1587 1255; x_wconf 89' lang='lat' dir='ltr'>alia</span> <span class='ocrx_word' id='word_1_139' title='bbox 1608 1213 1748 1255; x_wconf 87' lang='lat' dir='ltr'>insunt</span> 
     </span>
     <span class='ocr_line' id='line_1_16' title="bbox 82 1281 1749 1338; baseline -0.004 -11"><span class='ocrx_word' id='word_1_140' title='bbox 82 1290 123 1327; x_wconf 91' lang='lat' dir='ltr'>et</span> <span class='ocrx_word' id='word_1_141' title='bbox 143 1286 353 1338; x_wconf 87' lang='lat' dir='ltr'>postremo</span> <span class='ocrx_word' id='word_1_142' title='bbox 378 1286 472 1336; x_wconf 85' lang='lat' dir='ltr'>post</span> <span class='ocrx_word' id='word_1_143' title='bbox 492 1281 840 1323; x_wconf 80' lang='lat' dir='ltr'>Maccahaeorum</span> <span class='ocrx_word' id='word_1_144' title='bbox 863 1281 993 1323; x_wconf 87' lang='lat' dir='ltr'>libros</span> <span class='ocrx_word' id='word_1_145' title='bbox 1015 1287 1211 1334; x_wconf 87' lang='lat' dir='ltr'>quattuor</span> <span class='ocrx_word' id='word_1_146' title='bbox 1240 1281 1338 1323; x_wconf 88' lang='lat' dir='ltr'>inde</span> <span class='ocrx_word' id='word_1_147' title='bbox 1360 1295 1386 1323; x_wconf 88' lang='lat' dir='ltr'>a</span> <span class='ocrx_word' id='word_1_148' title='bbox 1409 1281 1479 1322; x_wconf 84' lang='lat' dir='ltr'>fol.</span> <span class='ocrx_word' id='word_1_149' title='bbox 1504 1282 1610 1322; x_wconf 70' lang='grc' dir='ltr'>218ν</span> <span class='ocrx_word' id='word_1_150' title='bbox 1633 1284 1749 1321; x_wconf 80' lang='lat' dir='ltr'>extat</span> 
     </span>
     <span class='ocr_line' id='line_1_17' title="bbox 85 1348 1744 1403; baseline -0.002 -11"><span class='ocrx_word' id='word_1_151' title='bbox 85 1348 445 1403; x_wconf 62' lang='grc' dir='ltr'>11τολεμ(ι·ι’κόι’·-’),</span> <span class='ocrx_word' id='word_1_152' title='bbox 470 1348 548 1390; x_wconf 86' lang='lat' dir='ltr'>hoe</span> <span class='ocrx_word' id='word_1_153' title='bbox 571 1354 633 1391; x_wconf 84' lang='lat' dir='ltr'>cst</span> <span class='ocrx_word' id='word_1_154' title='bbox 655 1348 823 1403; x_wconf 88' lang='lat' dir='ltr'>Iosephi</span> <span class='ocrx_word' id='word_1_155' title='bbox 845 1349 951 1391; x_wconf 87' lang='lat' dir='ltr'>liber</span> <span class='ocrx_word' id='word_1_156' title='bbox 967 1349 1049 1391; x_wconf 86' lang='lat' dir='ltr'>XII</span> <span class='ocrx_word' id='word_1_157' title='bbox 1071 1349 1124 1391; x_wconf 91' lang='lat' dir='ltr'>ab</span> <span class='ocrx_word' id='word_1_158' title='bbox 1147 1348 1265 1392; x_wconf 91' lang='lat' dir='ltr'>initio</span> <span class='ocrx_word' id='word_1_159' title='bbox 1288 1361 1420 1402; x_wconf 85' lang='lat' dir='ltr'>usque</span> <span class='ocrx_word' id='word_1_160' title='bbox 1441 1348 1496 1390; x_wconf 86' lang='lat' dir='ltr'>ad</span> <span class='ocrx_word' id='word_1_161' title='bbox 1517 1362 1555 1403; x_wconf 87' lang='lat' dir='ltr'>p.</span> <span class='ocrx_word' id='word_1_162' title='bbox 1586 1351 1673 1401; x_wconf 72' lang='lat'>113,</span> <span class='ocrx_word' id='word_1_163' title='bbox 1697 1349 1744 1389; x_wconf 79' lang='lat'>21</span> 
     </span>
     <span class='ocr_line' id='line_1_18' title="bbox 82 1411 1748 1473; baseline -0.002 -13"><span class='ocrx_word' id='word_1_164' title='bbox 82 1417 157 1460; x_wconf 84' lang='grc' dir='ltr'>τὸν</span> <span class='ocrx_word' id='word_1_165' title='bbox 180 1417 304 1465; x_wconf 56' lang='lat' dir='ltr'>raom</span> <span class='ocrx_word' id='word_1_166' title='bbox 328 1417 418 1459; x_wconf 83' lang='lat' dir='ltr'>finit</span> <span class='ocrx_word' id='word_1_167' title='bbox 440 1417 548 1460; x_wconf 84' lang='lat' dir='ltr'>enim</span> <span class='ocrx_word' id='word_1_168' title='bbox 572 1416 705 1459; x_wconf 79' lang='lat' dir='ltr'>hisce:</span> <span class='ocrx_word' id='word_1_169' title='bbox 728 1415 989 1473; x_wconf 80' lang='grc' dir='ltr'><em>διηγήσομαι</em></span> <span class='ocrx_word' id='word_1_170' title='bbox 1012 1416 1058 1460; x_wconf 80' lang='grc' dir='ltr'>δὲ</span> <span class='ocrx_word' id='word_1_171' title='bbox 1074 1414 1183 1458; x_wconf 81' lang='grc' dir='ltr'><em>κατὰ</em></span> <span class='ocrx_word' id='word_1_172' title='bbox 1199 1420 1328 1470; x_wconf 76' lang='grc' dir='ltr'><em>μέρος</em></span> <span class='ocrx_word' id='word_1_173' title='bbox 1349 1415 1404 1458; x_wconf 80' lang='grc' dir='ltr'>τὰ</span> <span class='ocrx_word' id='word_1_174' title='bbox 1425 1411 1522 1457; x_wconf 74' lang='grc' dir='ltr'>κατ’</span> <span class='ocrx_word' id='word_1_175' title='bbox 1550 1413 1748 1468; x_wconf 84' lang='grc' dir='ltr'><em>ἀντίοχον</em></span> 
     </span>
     <span class='ocr_line' id='line_1_19' title="bbox 84 1480 1750 1541; baseline -0.004 -12"><span class='ocrx_word' id='word_1_176' title='bbox 84 1486 292 1541; x_wconf 73' lang='grc' dir='ltr'><em>ἐπιφανῆ,</em></span> <span class='ocrx_word' id='word_1_177' title='bbox 313 1483 357 1534; x_wconf 77' lang='grc' dir='ltr'>ὃς</span> <span class='ocrx_word' id='word_1_178' title='bbox 373 1483 448 1539; x_wconf 64' lang='grc' dir='ltr'>τὴν</span> <span class='ocrx_word' id='word_1_179' title='bbox 468 1481 665 1525; x_wconf 79' lang='grc' dir='ltr'><em>ιὀυδαίαν</em></span> <span class='ocrx_word' id='word_1_180' title='bbox 684 1482 944 1536; x_wconf 76' lang='grc' dir='ltr'><strong><em>ἐχειρώσατο</em></strong></span> <span class='ocrx_word' id='word_1_181' title='bbox 961 1484 1030 1526; x_wconf 79' lang='grc' dir='ltr'>καὶ</span> <span class='ocrx_word' id='word_1_182' title='bbox 1048 1483 1124 1526; x_wconf 85' lang='grc' dir='ltr'>τὸν</span> <span class='ocrx_word' id='word_1_183' title='bbox 1141 1483 1258 1536; x_wconf 81' lang='grc' dir='ltr'><em>ναόν,</em></span> <span class='ocrx_word' id='word_1_184' title='bbox 1278 1484 1492 1538; x_wconf 76' lang='grc' dir='ltr'><em>ἕβειαγνεν</em></span> <span class='ocrx_word' id='word_1_185' title='bbox 1509 1484 1544 1533; x_wconf 72' lang='lat' dir='ltr'>(P</span> <span class='ocrx_word' id='word_1_186' title='bbox 1557 1480 1750 1535; x_wconf 79' lang='grc' dir='ltr'><em>ἔμειάνεν</em></span> 
     </span>
     <span class='ocr_line' id='line_1_20' title="bbox 85 1550 1751 1608; baseline -0.002 -10"><span class='ocrx_word' id='word_1_187' title='bbox 85 1554 230 1602; x_wconf 80' lang='lat' dir='ltr'>uoluit)</span> <span class='ocrx_word' id='word_1_188' title='bbox 262 1552 306 1595; x_wconf 76' lang='grc' dir='ltr'>ἐν</span> <span class='ocrx_word' id='word_1_189' title='bbox 326 1557 379 1607; x_wconf 72' lang='grc' dir='ltr'>τῆ</span> <span class='ocrx_word' id='word_1_190' title='bbox 411 1568 495 1593; x_wconf 76' lang='grc' dir='ltr'>των</span> <span class='ocrx_word' id='word_1_191' title='bbox 525 1555 804 1605; x_wconf 80' lang='grc' dir='ltr'><em>μακκαβαίων</em></span> <span class='ocrx_word' id='word_1_192' title='bbox 834 1550 986 1605; x_wconf 70' lang='grc' dir='ltr'><strong><em>βίβλω.</em></strong></span> <span class='ocrx_word' id='word_1_193' title='bbox 1041 1552 1118 1595; x_wconf 80' lang='lat' dir='ltr'>sed</span> <span class='ocrx_word' id='word_1_194' title='bbox 1138 1553 1180 1595; x_wconf 84' lang='lat' dir='ltr'>in</span> <span class='ocrx_word' id='word_1_195' title='bbox 1202 1553 1282 1596; x_wconf 80' lang='lat' dir='ltr'>hoe</span> <span class='ocrx_word' id='word_1_196' title='bbox 1304 1553 1409 1596; x_wconf 80' lang='lat' dir='ltr'>libro</span> <span class='ocrx_word' id='word_1_197' title='bbox 1431 1552 1600 1608; x_wconf 84' lang='lat' dir='ltr'>Iosephi</span> <span class='ocrx_word' id='word_1_198' title='bbox 1621 1551 1751 1594; x_wconf 82' lang='lat' dir='ltr'>uerba</span> 
     </span>
     <span class='ocr_line' id='line_1_21' title="bbox 83 1619 1749 1674; baseline -0.004 -9"><span class='ocrx_word' id='word_1_199' title='bbox 83 1635 166 1665; x_wconf 87' lang='lat' dir='ltr'>non</span> <span class='ocrx_word' id='word_1_200' title='bbox 197 1634 290 1664; x_wconf 87' lang='lat' dir='ltr'>cum</span> <span class='ocrx_word' id='word_1_201' title='bbox 321 1620 404 1662; x_wconf 90' lang='lat' dir='ltr'>fide</span> <span class='ocrx_word' id='word_1_202' title='bbox 429 1619 654 1674; x_wconf 88' lang='lat' dir='ltr'>descripta,</span> <span class='ocrx_word' id='word_1_203' title='bbox 687 1620 763 1662; x_wconf 89' lang='lat' dir='ltr'>sed</span> <span class='ocrx_word' id='word_1_204' title='bbox 799 1633 928 1674; x_wconf 84' lang='lat' dir='ltr'>saepe</span> <span class='ocrx_word' id='word_1_205' title='bbox 960 1625 1121 1662; x_wconf 87' lang='lat' dir='ltr'>mutata</span> <span class='ocrx_word' id='word_1_206' title='bbox 1153 1626 1260 1663; x_wconf 87' lang='lat' dir='ltr'>sunt.</span> <span class='ocrx_word' id='word_1_207' title='bbox 1321 1621 1437 1663; x_wconf 88' lang='lat' dir='ltr'>uelut</span> <span class='ocrx_word' id='word_1_208' title='bbox 1472 1620 1550 1663; x_wconf 91' lang='lat' dir='ltr'>sub</span> <span class='ocrx_word' id='word_1_209' title='bbox 1587 1619 1749 1662; x_wconf 85' lang='lat' dir='ltr'>initium</span> 
     </span>
     <span class='ocr_line' id='line_1_22' title="bbox 82 1684 1750 1743; baseline -0.003 -11"><span class='ocrx_word' id='word_1_210' title='bbox 82 1689 179 1732; x_wconf 84' lang='lat' dir='ltr'>libri</span> <span class='ocrx_word' id='word_1_211' title='bbox 199 1688 282 1730; x_wconf 88' lang='lat' dir='ltr'>XII</span> <span class='ocrx_word' id='word_1_212' title='bbox 304 1702 343 1743; x_wconf 88' lang='lat' dir='ltr'>p.</span> <span class='ocrx_word' id='word_1_213' title='bbox 368 1691 433 1740; x_wconf 88' lang='lat'>73,</span> <span class='ocrx_word' id='word_1_214' title='bbox 458 1691 480 1728; x_wconf 86' lang='lat'>5</span> <span class='ocrx_word' id='word_1_215' title='bbox 503 1701 585 1731; x_wconf 88' lang='lat' dir='ltr'>non</span> <span class='ocrx_word' id='word_1_216' title='bbox 606 1688 743 1729; x_wconf 87' lang='lat' dir='ltr'>Solum</span> <span class='ocrx_word' id='word_1_217' title='bbox 764 1686 982 1738; x_wconf 76' lang='grc' dir='ltr'><em>Σέλευκος,</em></span> <span class='ocrx_word' id='word_1_218' title='bbox 1015 1688 1090 1731; x_wconf 81' lang='lat' dir='ltr'>sed</span> <span class='ocrx_word' id='word_1_219' title='bbox 1111 1687 1318 1736; x_wconf 79' lang='grc' dir='ltr'><em>Σέλευκος</em></span> <span class='ocrx_word' id='word_1_220' title='bbox 1342 1684 1364 1728; x_wconf 80' lang='grc' dir='ltr'><em>ὃ</em></span> <span class='ocrx_word' id='word_1_221' title='bbox 1385 1687 1591 1740; x_wconf 80' lang='grc' dir='ltr'><em>Νικάτωρ</em></span> <span class='ocrx_word' id='word_1_222' title='bbox 1614 1686 1750 1739; x_wconf 77' lang='lat' dir='ltr'>dedit3</span> 
     </span>
     <span class='ocr_line' id='line_1_23' title="bbox 84 1750 1748 1809; baseline -0.003 -10"><span class='ocrx_word' id='word_1_223' title='bbox 84 1759 125 1800; x_wconf 83' lang='lat' dir='ltr'>et</span> <span class='ocrx_word' id='word_1_224' title='bbox 145 1757 170 1808; x_wconf 67' lang='grc' dir='ltr'>ξ</span> <span class='ocrx_word' id='word_1_225' title='bbox 191 1759 215 1797; x_wconf 83' lang='grc'>4</span> <span class='ocrx_word' id='word_1_226' title='bbox 247 1755 308 1798; x_wconf 79' lang='lat' dir='ltr'>Sic</span> <span class='ocrx_word' id='word_1_227' title='bbox 339 1755 530 1798; x_wconf 77' lang='lat' dir='ltr'>exhibet:</span> <span class='ocrx_word' id='word_1_228' title='bbox 573 1757 753 1807; x_wconf 76' lang='grc' dir='ltr'><em>κατέσχε</em></span> <span class='ocrx_word' id='word_1_229' title='bbox 784 1754 831 1798; x_wconf 81' lang='grc' dir='ltr'>δὲ</span> <span class='ocrx_word' id='word_1_230' title='bbox 870 1750 998 1804; x_wconf 79' lang='grc' dir='ltr'><em>οὗτος</em></span> <span class='ocrx_word' id='word_1_231' title='bbox 1036 1757 1105 1797; x_wconf 80' lang='grc' dir='ltr'>καὶ</span> <span class='ocrx_word' id='word_1_232' title='bbox 1146 1755 1199 1797; x_wconf 80' lang='grc' dir='ltr'>τὰ</span> <span class='ocrx_word' id='word_1_233' title='bbox 1228 1751 1502 1809; x_wconf 80' lang='grc' dir='ltr'><em>Ἱεροσόλυμα</em></span> <span class='ocrx_word' id='word_1_234' title='bbox 1536 1752 1648 1809; x_wconf 82' lang='grc' dir='ltr'><em>δόλῳ</em></span> <span class='ocrx_word' id='word_1_235' title='bbox 1680 1756 1748 1795; x_wconf 80' lang='grc' dir='ltr'>καὶ</span> 
     </span>
     <span class='ocr_line' id='line_1_24' title="bbox 85 1820 1753 1880; baseline -0.002 -14"><span class='ocrx_word' id='word_1_236' title='bbox 85 1820 233 1880; x_wconf 79' lang='grc' dir='ltr'><strong><em>ἀπάτῃ</em></strong></span> <span class='ocrx_word' id='word_1_237' title='bbox 265 1822 533 1879; x_wconf 81' lang='grc' dir='ltr'><em>χρησάμενος</em></span> <span class='ocrx_word' id='word_1_238' title='bbox 564 1820 794 1875; x_wconf 82' lang='grc' dir='ltr'><em>ἄρχιέρεως</em></span> <span class='ocrx_word' id='word_1_239' title='bbox 827 1820 963 1873; x_wconf 83' lang='grc' dir='ltr'><em>ὄντως</em></span> <span class='ocrx_word' id='word_1_240' title='bbox 995 1827 1073 1865; x_wconf 80' lang='grc' dir='ltr'>τοῦ</span> <span class='ocrx_word' id='word_1_241' title='bbox 1112 1823 1272 1873; x_wconf 66' lang='grc' dir='ltr'><em>ἔθνους</em></span> <span class='ocrx_word' id='word_1_242' title='bbox 1302 1821 1423 1877; x_wconf 79' lang='grc' dir='ltr'><em>ἡμῶν</em></span> <span class='ocrx_word' id='word_1_243' title='bbox 1455 1820 1552 1864; x_wconf 74' lang='grc' dir='ltr'>κατ’</span> <span class='ocrx_word' id='word_1_244' title='bbox 1588 1821 1753 1871; x_wconf 75' lang='grc' dir='ltr'><em>ἐκείνας</em></span> 
     </span>
     <span class='ocr_line' id='line_1_25' title="bbox 86 1882 1754 1949; baseline -0.003 -15"><span class='ocrx_word' id='word_1_245' title='bbox 86 1888 248 1949; x_wconf 71' lang='grc' dir='ltr'><em>ἡμέρας</em></span> <span class='ocrx_word' id='word_1_246' title='bbox 274 1887 416 1934; x_wconf 80' lang='grc' dir='ltr'>Ὀνίου</span> <span class='ocrx_word' id='word_1_247' title='bbox 449 1888 495 1940; x_wconf 79' lang='grc' dir='ltr'>ὃς</span> <span class='ocrx_word' id='word_1_248' title='bbox 530 1882 576 1946; x_wconf 63' lang='grc' dir='ltr'>ἧν</span> <span class='ocrx_word' id='word_1_249' title='bbox 600 1887 763 1932; x_wconf 80' lang='grc' dir='ltr'><em>’Ἀδδου</em></span> <span class='ocrx_word' id='word_1_250' title='bbox 795 1890 903 1941; x_wconf 82' lang='grc' dir='ltr'><em>υἱός.</em></span> <span class='ocrx_word' id='word_1_251' title='bbox 965 1890 1175 1934; x_wconf 74' lang='grc' dir='ltr'><em>εἰσελθὼν</em></span> <span class='ocrx_word' id='word_1_252' title='bbox 1208 1890 1254 1933; x_wconf 81' lang='grc' dir='ltr'>δὲ</span> <span class='ocrx_word' id='word_1_253' title='bbox 1286 1890 1328 1933; x_wconf 80' lang='grc' dir='ltr'>ἕν</span> <span class='ocrx_word' id='word_1_254' title='bbox 1361 1886 1500 1946; x_wconf 73' lang='grc' dir='ltr'><em>ἡμέρᾳ</em></span> <span class='ocrx_word' id='word_1_255' title='bbox 1532 1888 1754 1944; x_wconf 78' lang='grc' dir='ltr'><em>σαββάτου</em></span> 
     </span>
     <span class='ocr_line' id='line_1_26' title="bbox 85 1954 1752 2015; baseline -0.002 -12"><span class='ocrx_word' id='word_1_256' title='bbox 85 1959 146 2010; x_wconf 85' lang='grc' dir='ltr'>εἷς</span> <span class='ocrx_word' id='word_1_257' title='bbox 162 1959 237 2015; x_wconf 83' lang='grc' dir='ltr'>τὴν</span> <span class='ocrx_word' id='word_1_258' title='bbox 259 1959 391 2000; x_wconf 81' lang='grc' dir='ltr'><em>πόλιν</em></span> <span class='ocrx_word' id='word_1_259' title='bbox 410 1954 432 1999; x_wconf 83' lang='grc' dir='ltr'><em>ὃ</em></span> <span class='ocrx_word' id='word_1_260' title='bbox 455 1959 734 2010; x_wconf 80' lang='grc' dir='ltr'><em>Πτολεμαῖος</em></span> <span class='ocrx_word' id='word_1_261' title='bbox 755 1955 815 2008; x_wconf 80' lang='grc' dir='ltr'>ὥς</span> <span class='ocrx_word' id='word_1_262' title='bbox 836 1957 976 2001; x_wconf 68' lang='grc' dir='ltr'><em>θύσον</em></span> <span class='ocrx_word' id='word_1_263' title='bbox 1000 1960 1059 2015; x_wconf 75' lang='grc' dir='ltr'>τῷ</span> <span class='ocrx_word' id='word_1_264' title='bbox 1085 1960 1178 2014; x_wconf 72' lang='grc' dir='ltr'>θεῷ</span> <span class='ocrx_word' id='word_1_265' title='bbox 1199 1958 1310 2014; x_wconf 82' lang='grc' dir='ltr'><em>μήτε</em></span> <span class='ocrx_word' id='word_1_266' title='bbox 1330 1959 1416 2000; x_wconf 85' lang='grc' dir='ltr'>τῶν</span> <span class='ocrx_word' id='word_1_267' title='bbox 1436 1954 1653 2000; x_wconf 83' lang='grc' dir='ltr'><em>Ἰουδαίων</em></span> <span class='ocrx_word' id='word_1_268' title='bbox 1677 1961 1752 2001; x_wconf 84' lang='lat' dir='ltr'>etc.</span> 
     </span>
     <span class='ocr_line' id='line_1_27' title="bbox 86 2021 1753 2084; baseline -0.004 -12"><span class='ocrx_word' id='word_1_269' title='bbox 86 2033 127 2072; x_wconf 82' lang='lat' dir='ltr'>et</span> <span class='ocrx_word' id='word_1_270' title='bbox 156 2027 300 2084; x_wconf 90' lang='lat' dir='ltr'>paullo</span> <span class='ocrx_word' id='word_1_271' title='bbox 331 2027 440 2069; x_wconf 86' lang='lat' dir='ltr'>infra</span> <span class='ocrx_word' id='word_1_272' title='bbox 470 2031 567 2083; x_wconf 83' lang='lat' dir='ltr'>post</span> <span class='ocrx_word' id='word_1_273' title='bbox 596 2028 620 2079; x_wconf 69' lang='grc' dir='ltr'>ξ</span> <span class='ocrx_word' id='word_1_274' title='bbox 645 2031 690 2068; x_wconf 89' lang='grc'>11</span> <span class='ocrx_word' id='word_1_275' title='bbox 727 2032 780 2082; x_wconf 89' lang='lat' dir='ltr'>(p.</span> <span class='ocrx_word' id='word_1_276' title='bbox 804 2030 870 2081; x_wconf 75' lang='lat'>74,</span> <span class='ocrx_word' id='word_1_277' title='bbox 897 2030 960 2077; x_wconf 87' lang='grc'>16)</span> <span class='ocrx_word' id='word_1_278' title='bbox 992 2027 1129 2070; x_wconf 81' lang='lat' dir='ltr'>addit:</span> <span class='ocrx_word' id='word_1_279' title='bbox 1166 2026 1505 2083; x_wconf 78' lang='grc' dir='ltr'><em>τελευτήσαντος</em></span> <span class='ocrx_word' id='word_1_280' title='bbox 1536 2026 1582 2068; x_wconf 83' lang='grc' dir='ltr'>δὲ</span> <span class='ocrx_word' id='word_1_281' title='bbox 1608 2021 1753 2067; x_wconf 85' lang='grc' dir='ltr'><em>Ὀνίου</em></span> 
     </span>
     <span class='ocr_line' id='line_1_28' title="bbox 86 2089 1755 2150; baseline -0.001 -13"><span class='ocrx_word' id='word_1_282' title='bbox 86 2092 108 2137; x_wconf 85' lang='grc' dir='ltr'><em>ὃ</em></span> <span class='ocrx_word' id='word_1_283' title='bbox 127 2101 236 2144; x_wconf 81' lang='grc' dir='ltr'><em>παῖς</em></span> <span class='ocrx_word' id='word_1_284' title='bbox 253 2089 385 2136; x_wconf 80' lang='grc' dir='ltr'><em>αὐτοῦ</em></span> <span class='ocrx_word' id='word_1_285' title='bbox 403 2098 549 2146; x_wconf 84' lang='grc' dir='ltr'><em>Σίμων</em></span> <span class='ocrx_word' id='word_1_286' title='bbox 572 2099 737 2148; x_wconf 76' lang='grc' dir='ltr'><em>γίνεται</em></span> <span class='ocrx_word' id='word_1_287' title='bbox 764 2093 979 2147; x_wconf 84' lang='grc' dir='ltr'><em>διάδοχος,</em></span> <span class='ocrx_word' id='word_1_288' title='bbox 1006 2091 1028 2136; x_wconf 82' lang='grc' dir='ltr'>ὁ</span> <span class='ocrx_word' id='word_1_289' title='bbox 1054 2096 1122 2137; x_wconf 83' lang='grc' dir='ltr'>καὶ</span> <span class='ocrx_word' id='word_1_290' title='bbox 1151 2096 1318 2145; x_wconf 80' lang='grc' dir='ltr'><em>δίκαιος</em></span> <span class='ocrx_word' id='word_1_291' title='bbox 1336 2094 1593 2150; x_wconf 75' lang='grc' dir='ltr'><em>ἐπικληθεὶς</em></span> <span class='ocrx_word' id='word_1_292' title='bbox 1615 2093 1689 2136; x_wconf 83' lang='grc' dir='ltr'>διά</span> <span class='ocrx_word' id='word_1_293' title='bbox 1709 2110 1755 2135; x_wconf 85' lang='grc' dir='ltr'>τε</span> 
     </span>
     <span class='ocr_line' id='line_1_29' title="bbox 85 2157 1755 2219; baseline 0.001 -15"><span class='ocrx_word' id='word_1_294' title='bbox 85 2162 136 2204; x_wconf 88' lang='grc' dir='ltr'>τὸ</span> <span class='ocrx_word' id='word_1_295' title='bbox 157 2163 270 2216; x_wconf 83' lang='grc' dir='ltr'><em>πρὸς</em></span> <span class='ocrx_word' id='word_1_296' title='bbox 290 2161 366 2204; x_wconf 83' lang='grc' dir='ltr'>τὸν</span> <span class='ocrx_word' id='word_1_297' title='bbox 382 2159 493 2204; x_wconf 76' lang='grc' dir='ltr'><em>θεὸν</em></span> <span class='ocrx_word' id='word_1_298' title='bbox 517 2157 687 2215; x_wconf 75' lang='grc' dir='ltr'><em>εὐσεβὲς</em></span> <span class='ocrx_word' id='word_1_299' title='bbox 704 2163 772 2204; x_wconf 82' lang='grc' dir='ltr'>καὶ</span> <span class='ocrx_word' id='word_1_300' title='bbox 796 2162 845 2204; x_wconf 88' lang='grc' dir='ltr'>τὸ</span> <span class='ocrx_word' id='word_1_301' title='bbox 867 2161 980 2216; x_wconf 78' lang='grc' dir='ltr'><em>πρὸς</em></span> <span class='ocrx_word' id='word_1_302' title='bbox 1000 2162 1102 2212; x_wconf 74' lang='grc' dir='ltr'><em>τοὺς</em></span> <span class='ocrx_word' id='word_1_303' title='bbox 1120 2160 1373 2219; x_wconf 76' lang='grc' dir='ltr'><em>ὁμοφύλους</em></span> <span class='ocrx_word' id='word_1_304' title='bbox 1390 2160 1550 2213; x_wconf 71' lang='grc' dir='ltr'><em>εὔνουν,</em></span> <span class='ocrx_word' id='word_1_305' title='bbox 1577 2175 1686 2216; x_wconf 78' lang='lat' dir='ltr'>quae</span> <span class='ocrx_word' id='word_1_306' title='bbox 1702 2174 1755 2205; x_wconf 75' lang='lat' dir='ltr'>ex</span> 
     </span>
     <span class='ocr_line' id='line_1_30' title="bbox 87 2231 1754 2286; baseline -0.001 -13"><span class='ocrx_word' id='word_1_307' title='bbox 87 2233 173 2282; x_wconf 75' lang='lat'>§43</span> <span class='ocrx_word' id='word_1_308' title='bbox 192 2231 272 2273; x_wconf 86' lang='lat' dir='ltr'>hue</span> <span class='ocrx_word' id='word_1_309' title='bbox 289 2232 494 2274; x_wconf 85' lang='lat' dir='ltr'>translata</span> <span class='ocrx_word' id='word_1_310' title='bbox 509 2236 625 2286; x_wconf 81' lang='lat' dir='ltr'>sunt3</span> <span class='ocrx_word' id='word_1_311' title='bbox 642 2246 742 2274; x_wconf 87' lang='lat' dir='ltr'>nam</span> <span class='ocrx_word' id='word_1_312' title='bbox 757 2232 817 2274; x_wconf 88' lang='lat' dir='ltr'>ibi</span> <span class='ocrx_word' id='word_1_313' title='bbox 833 2233 992 2275; x_wconf 88' lang='lat' dir='ltr'>omissa</span> <span class='ocrx_word' id='word_1_314' title='bbox 1007 2235 1113 2275; x_wconf 83' lang='lat' dir='ltr'>sunt.</span> <span class='ocrx_word' id='word_1_315' title='bbox 1145 2233 1170 2285; x_wconf 68' lang='grc' dir='ltr'>ξ</span> <span class='ocrx_word' id='word_1_316' title='bbox 1186 2236 1227 2273; x_wconf 89' lang='grc'>11</span> <span class='ocrx_word' id='word_1_317' title='bbox 1251 2246 1290 2286; x_wconf 85' lang='lat' dir='ltr'>p.</span> <span class='ocrx_word' id='word_1_318' title='bbox 1311 2235 1374 2286; x_wconf 72' lang='lat'>74,</span> <span class='ocrx_word' id='word_1_319' title='bbox 1393 2235 1446 2274; x_wconf 79' lang='lat'>20</span> <span class='ocrx_word' id='word_1_320' title='bbox 1464 2232 1754 2274; x_wconf 87' lang='lat' dir='ltr'>Ptolemaeum</span> 
     </span>
     <span class='ocr_line' id='line_1_31' title="bbox 88 2298 1754 2355; baseline -0.001 -13"><span class='ocrx_word' id='word_1_321' title='bbox 88 2299 416 2354; x_wconf 85' lang='lat' dir='ltr'>Philadelphum</span> <span class='ocrx_word' id='word_1_322' title='bbox 461 2313 545 2343; x_wconf 87' lang='lat' dir='ltr'>non</span> <span class='ocrx_word' id='word_1_323' title='bbox 591 2298 1016 2355; x_wconf 83' lang='lat' dir='ltr'>duodequadraginta</span> <span class='ocrx_word' id='word_1_324' title='bbox 1060 2300 1135 2343; x_wconf 88' lang='lat' dir='ltr'>sed</span> <span class='ocrx_word' id='word_1_325' title='bbox 1179 2299 1576 2353; x_wconf 83' lang='lat' dir='ltr'>undequadraginta</span> <span class='ocrx_word' id='word_1_326' title='bbox 1621 2312 1754 2342; x_wconf 88' lang='lat' dir='ltr'>annos</span> 
     </span>
     <span class='ocr_line' id='line_1_32' title="bbox 89 2365 1755 2423; baseline -0.002 -13"><span class='ocrx_word' id='word_1_327' title='bbox 89 2380 290 2423; x_wconf 86' lang='lat' dir='ltr'>regnasse</span> <span class='ocrx_word' id='word_1_328' title='bbox 305 2367 445 2421; x_wconf 85' lang='lat' dir='ltr'>tradit,</span> <span class='ocrx_word' id='word_1_329' title='bbox 467 2367 512 2409; x_wconf 91' lang='lat' dir='ltr'>id</span> <span class='ocrx_word' id='word_1_330' title='bbox 529 2367 638 2422; x_wconf 91' lang='lat' dir='ltr'>quod</span> <span class='ocrx_word' id='word_1_331' title='bbox 657 2381 751 2410; x_wconf 84' lang='lat' dir='ltr'>eum</span> <span class='ocrx_word' id='word_1_332' title='bbox 768 2368 965 2422; x_wconf 87' lang='lat' dir='ltr'>Syncello</span> <span class='ocrx_word' id='word_1_333' title='bbox 987 2367 1167 2421; x_wconf 88' lang='lat' dir='ltr'>aliisque</span> <span class='ocrx_word' id='word_1_334' title='bbox 1185 2367 1517 2422; x_wconf 81' lang='lat' dir='ltr'>chronographis</span> <span class='ocrx_word' id='word_1_335' title='bbox 1535 2365 1755 2409; x_wconf 76' lang='lat' dir='ltr'>consentit.</span> 
     </span>
     <span class='ocr_line' id='line_1_33' title="bbox 89 2435 1754 2490; baseline -0.002 -11"><span class='ocrx_word' id='word_1_336' title='bbox 89 2449 166 2479; x_wconf 81' lang='lat' dir='ltr'>nee</span> <span class='ocrx_word' id='word_1_337' title='bbox 194 2436 330 2479; x_wconf 87' lang='lat' dir='ltr'>solum</span> <span class='ocrx_word' id='word_1_338' title='bbox 361 2436 441 2478; x_wconf 86' lang='lat' dir='ltr'>hoc</span> <span class='ocrx_word' id='word_1_339' title='bbox 470 2436 562 2478; x_wconf 89' lang='lat' dir='ltr'>loco</span> <span class='ocrx_word' id='word_1_340' title='bbox 593 2435 670 2479; x_wconf 89' lang='lat' dir='ltr'>sed</span> <span class='ocrx_word' id='word_1_341' title='bbox 702 2435 828 2478; x_wconf 86' lang='lat' dir='ltr'>etiam</span> <span class='ocrx_word' id='word_1_342' title='bbox 860 2436 954 2479; x_wconf 87' lang='lat' dir='ltr'>aliis</span> <span class='ocrx_word' id='word_1_343' title='bbox 983 2435 1161 2479; x_wconf 83' lang='lat' dir='ltr'>efficitur</span> <span class='ocrx_word' id='word_1_344' title='bbox 1182 2435 1547 2490; x_wconf 83' lang='lat' dir='ltr'>chronographum</span> <span class='ocrx_word' id='word_1_345' title='bbox 1569 2435 1754 2489; x_wconf 88' lang='lat' dir='ltr'>aliquem</span> 
     </span>
     <span class='ocr_line' id='line_1_34' title="bbox 90 2501 1756 2558; baseline -0.001 -12"><span class='ocrx_word' id='word_1_346' title='bbox 90 2503 144 2546; x_wconf 88' lang='lat' dir='ltr'>ab</span> <span class='ocrx_word' id='word_1_347' title='bbox 176 2516 226 2546; x_wconf 87' lang='lat' dir='ltr'>eo</span> <span class='ocrx_word' id='word_1_348' title='bbox 258 2502 495 2546; x_wconf 87' lang='lat' dir='ltr'>adhibitum</span> <span class='ocrx_word' id='word_1_349' title='bbox 528 2516 641 2558; x_wconf 83' lang='lat' dir='ltr'>esse3</span> <span class='ocrx_word' id='word_1_350' title='bbox 673 2503 772 2546; x_wconf 86' lang='lat' dir='ltr'>inde</span> <span class='ocrx_word' id='word_1_351' title='bbox 804 2504 914 2546; x_wconf 89' lang='lat' dir='ltr'>enim</span> <span class='ocrx_word' id='word_1_352' title='bbox 935 2509 1148 2558; x_wconf 86' lang='lat' dir='ltr'>sumptum</span> <span class='ocrx_word' id='word_1_353' title='bbox 1180 2509 1242 2547; x_wconf 84' lang='lat' dir='ltr'>est</span> <span class='ocrx_word' id='word_1_354' title='bbox 1271 2504 1611 2558; x_wconf 84' lang='lat' dir='ltr'>supplementum</span> <span class='ocrx_word' id='word_1_355' title='bbox 1643 2501 1756 2555; x_wconf 88' lang='lat' dir='ltr'>quod</span> 
     </span>
     <span class='ocr_line' id='line_1_35' title="bbox 91 2568 1756 2626; baseline -0.003 -12"><span class='ocrx_word' id='word_1_356' title='bbox 91 2574 185 2625; x_wconf 82' lang='lat' dir='ltr'>post</span> <span class='ocrx_word' id='word_1_357' title='bbox 214 2573 237 2621; x_wconf 68' lang='grc' dir='ltr'>ξ</span> <span class='ocrx_word' id='word_1_358' title='bbox 264 2572 340 2613; x_wconf 80' lang='lat'>118</span> <span class='ocrx_word' id='word_1_359' title='bbox 362 2569 420 2626; x_wconf 90' lang='lat' dir='ltr'>(p.</span> <span class='ocrx_word' id='word_1_360' title='bbox 444 2573 510 2626; x_wconf 83' lang='lat'>92,</span> <span class='ocrx_word' id='word_1_361' title='bbox 533 2571 605 2626; x_wconf 79' lang='lat'>23)</span> <span class='ocrx_word' id='word_1_362' title='bbox 637 2576 773 2614; x_wconf 81' lang='lat' dir='ltr'>extat:</span> <span class='ocrx_word' id='word_1_363' title='bbox 805 2569 913 2623; x_wconf 75' lang='grc' dir='ltr'><em>μετὰ</em></span> <span class='ocrx_word' id='word_1_364' title='bbox 947 2571 994 2614; x_wconf 76' lang='grc' dir='ltr'>δὲ</span> <span class='ocrx_word' id='word_1_365' title='bbox 1020 2569 1093 2612; x_wconf 75' lang='grc' dir='ltr'>τὸν</span> <span class='ocrx_word' id='word_1_366' title='bbox 1120 2570 1400 2625; x_wconf 77' lang='grc' dir='ltr'><em>Φιλάδελφον</em></span> <span class='ocrx_word' id='word_1_367' title='bbox 1430 2568 1507 2626; x_wconf 63' lang='grc' dir='ltr'>τὴν</span> <span class='ocrx_word' id='word_1_368' title='bbox 1529 2569 1756 2623; x_wconf 77' lang='grc' dir='ltr'><em>βασιλείαν</em></span> 
     </span>
     <span class='ocr_line' id='line_1_36' title="bbox 93 2635 1758 2694; baseline 0 -15"><span class='ocrx_word' id='word_1_369' title='bbox 93 2641 291 2690; x_wconf 81' lang='grc' dir='ltr'><em>κατέσχεν</em></span> <span class='ocrx_word' id='word_1_370' title='bbox 330 2638 608 2690; x_wconf 78' lang='grc' dir='ltr'><em>Πτολεμαῖος</em></span> <span class='ocrx_word' id='word_1_371' title='bbox 649 2637 670 2680; x_wconf 85' lang='grc' dir='ltr'>ὁ</span> <span class='ocrx_word' id='word_1_372' title='bbox 709 2637 971 2691; x_wconf 74' lang='grc' dir='ltr'><em>καλούμενος</em></span> <span class='ocrx_word' id='word_1_373' title='bbox 1006 2635 1243 2694; x_wconf 67' lang='grc' dir='ltr'><em>Εὐεργέτης</em></span> <span class='ocrx_word' id='word_1_374' title='bbox 1275 2637 1348 2680; x_wconf 76' lang='grc' dir='ltr'>ἐπὶ</span> <span class='ocrx_word' id='word_1_375' title='bbox 1381 2635 1482 2693; x_wconf 77' lang='grc' dir='ltr'>ὅλης</span> <span class='ocrx_word' id='word_1_376' title='bbox 1513 2637 1654 2680; x_wconf 71' lang='grc' dir='ltr'><em>ἔτεσιν</em></span> <span class='ocrx_word' id='word_1_377' title='bbox 1685 2638 1758 2689; x_wconf 78' lang='grc' dir='ltr'>κξ,</span> 
     </span>
     <span class='ocr_line' id='line_1_37' title="bbox 92 2701 1755 2762; baseline 0 -16"><span class='ocrx_word' id='word_1_378' title='bbox 92 2704 169 2760; x_wconf 86' lang='grc' dir='ltr'>τὴν</span> <span class='ocrx_word' id='word_1_379' title='bbox 209 2705 256 2749; x_wconf 84' lang='grc' dir='ltr'>δὲ</span> <span class='ocrx_word' id='word_1_380' title='bbox 295 2703 421 2760; x_wconf 80' lang='grc' dir='ltr'><em>τιμήν</em></span> <span class='ocrx_word' id='word_1_381' title='bbox 458 2708 536 2761; x_wconf 84' lang='grc' dir='ltr'>τῆς</span> <span class='ocrx_word' id='word_1_382' title='bbox 584 2701 903 2762; x_wconf 80' lang='grc' dir='ltr'><em>ἀρχιερωσύνης</em></span> <span class='ocrx_word' id='word_1_383' title='bbox 950 2704 1060 2759; x_wconf 76' lang='grc' dir='ltr'><em>μετά</em></span> <span class='ocrx_word' id='word_1_384' title='bbox 1094 2702 1343 2760; x_wconf 80' lang='grc' dir='ltr'><em>Ἐλεάζαρον</em></span> <span class='ocrx_word' id='word_1_385' title='bbox 1393 2702 1414 2747; x_wconf 82' lang='grc' dir='ltr'><em>ὃ</em></span> <span class='ocrx_word' id='word_1_386' title='bbox 1455 2708 1582 2756; x_wconf 71' lang='grc' dir='ltr'><em>θεῖος</em></span> <span class='ocrx_word' id='word_1_387' title='bbox 1623 2701 1755 2747; x_wconf 79' lang='grc' dir='ltr'><em>αὐτοῦ</em></span> 
     </span>
     <span class='ocr_line' id='line_1_38' title="bbox 97 2772 1756 2832; baseline 0 -18"><span class='ocrx_word' id='word_1_388' title='bbox 97 2774 343 2828; x_wconf 71' lang='grc' dir='ltr'><em>ΙΙῚανασσῆς</em></span> <span class='ocrx_word' id='word_1_389' title='bbox 382 2774 640 2827; x_wconf 81' lang='grc' dir='ltr'><em>παρέλαβεν.</em></span> <span class='ocrx_word' id='word_1_390' title='bbox 699 2773 809 2827; x_wconf 79' lang='grc' dir='ltr'><em>μετὰ</em></span> <span class='ocrx_word' id='word_1_391' title='bbox 847 2773 972 2816; x_wconf 80' lang='grc' dir='ltr'><em>δὲτὸ</em></span> <span class='ocrx_word' id='word_1_392' title='bbox 1012 2772 1262 2815; x_wconf 75' lang='grc' dir='ltr'><em>ἀποθανεῖν</em></span> <span class='ocrx_word' id='word_1_393' title='bbox 1303 2775 1549 2832; x_wconf 70' lang='grc' dir='ltr'><em>ΖΠανασοῆν</em></span> <span class='ocrx_word' id='word_1_394' title='bbox 1588 2772 1756 2828; x_wconf 78' lang='grc' dir='ltr'><em>γέγονεν</em></span> 
     </span>
    </p>
   </div>
   <div class='ocr_carea' id='block_1_3' title="bbox 97 2848 362 2854">
    <p class='ocr_par' dir='ltr' id='par_1_6' title="bbox 97 2848 362 2854">
     <span class='ocr_line' id='line_1_39' title="bbox 97 2848 362 2854; baseline 0 0"><span class='ocrx_word' id='word_1_395' title='bbox 97 2848 362 2854; x_wconf 95' lang='lat' dir='ltr'> </span> 
     </span>
    </p>
   </div>
   <div class='ocr_carea' id='block_1_4' title="bbox 96 2873 1758 2975">
    <p class='ocr_par' dir='ltr' id='par_1_7' title="bbox 96 2873 1758 2975">
     <span class='ocr_line' id='line_1_40' title="bbox 211 2873 1758 2919; baseline 0 -11"><span class='ocrx_word' id='word_1_396' title='bbox 211 2877 240 2914; x_wconf 93' lang='grc'>1)</span> <span class='ocrx_word' id='word_1_397' title='bbox 264 2873 346 2909; x_wconf 87' lang='lat' dir='ltr'>uide</span> <span class='ocrx_word' id='word_1_398' title='bbox 362 2874 406 2908; x_wconf 86' lang='lat' dir='ltr'>H.</span> <span class='ocrx_word' id='word_1_399' title='bbox 426 2873 533 2917; x_wconf 87' lang='lat' dir='ltr'>Coxe,</span> <span class='ocrx_word' id='word_1_400' title='bbox 558 2875 740 2918; x_wconf 85' lang='lat' dir='ltr'>catalogus</span> <span class='ocrx_word' id='word_1_401' title='bbox 760 2874 921 2910; x_wconf 87' lang='lat' dir='ltr'>codicum</span> <span class='ocrx_word' id='word_1_402' title='bbox 945 2885 1028 2909; x_wconf 81' lang='lat' dir='ltr'>mss.</span> <span class='ocrx_word' id='word_1_403' title='bbox 1055 2874 1115 2918; x_wconf 82' lang='lat' dir='ltr'>qui</span> <span class='ocrx_word' id='word_1_404' title='bbox 1138 2874 1174 2908; x_wconf 86' lang='lat' dir='ltr'>in</span> <span class='ocrx_word' id='word_1_405' title='bbox 1200 2873 1355 2918; x_wconf 87' lang='lat' dir='ltr'>collegiis</span> <span class='ocrx_word' id='word_1_406' title='bbox 1373 2874 1532 2919; x_wconf 87' lang='lat' dir='ltr'>aulisque</span> <span class='ocrx_word' id='word_1_407' title='bbox 1550 2873 1758 2910; x_wconf 81' lang='lat' dir='ltr'>Oxoniensi-</span> 
     </span>
     <span class='ocr_line' id='line_1_41' title="bbox 96 2929 1048 2975; baseline 0.002 -11"><span class='ocrx_word' id='word_1_408' title='bbox 96 2929 162 2964; x_wconf 84' lang='lat' dir='ltr'>bus</span> <span class='ocrx_word' id='word_1_409' title='bbox 187 2930 291 2965; x_wconf 89' lang='lat' dir='ltr'>hodie</span> <span class='ocrx_word' id='word_1_410' title='bbox 315 2930 564 2966; x_wconf 81' lang='lat' dir='ltr'>adseruantur.</span> <span class='ocrx_word' id='word_1_411' title='bbox 604 2931 673 2966; x_wconf 91' lang='lat' dir='ltr'>uol.</span> <span class='ocrx_word' id='word_1_412' title='bbox 692 2931 710 2964; x_wconf 95' lang='lat' dir='ltr'>I</span> <span class='ocrx_word' id='word_1_413' title='bbox 735 2941 818 2966; x_wconf 90' lang='lat' dir='ltr'>nou.</span> <span class='ocrx_word' id='word_1_414' title='bbox 838 2931 916 2966; x_wconf 89' lang='lat' dir='ltr'>coll.</span> <span class='ocrx_word' id='word_1_415' title='bbox 945 2943 978 2975; x_wconf 88' lang='lat' dir='ltr'>p.</span> <span class='ocrx_word' id='word_1_416' title='bbox 997 2934 1048 2966; x_wconf 88' lang='lat'>11.</span> 
     </span>
    </p>
   </div>
   <div class='ocr_carea' id='block_1_5' title="bbox 210 2985 1615 3034">
    <p class='ocr_par' dir='ltr' id='par_1_8' title="bbox 210 2985 1615 3034">
     <span class='ocr_line' id='line_1_42' title="bbox 210 2985 1615 3034; baseline 0.002 -14"><span class='ocrx_word' id='word_1_417' title='bbox 210 2988 242 3028; x_wconf 81' lang='lat'>2)</span> <span class='ocrx_word' id='word_1_418' title='bbox 266 2986 347 3021; x_wconf 86' lang='lat' dir='ltr'>uide</span> <span class='ocrx_word' id='word_1_419' title='bbox 371 2986 524 3031; x_wconf 72' lang='lat' dir='ltr'>Syncell.</span> <span class='ocrx_word' id='word_1_420' title='bbox 549 2998 584 3032; x_wconf 87' lang='lat' dir='ltr'>p.</span> <span class='ocrx_word' id='word_1_421' title='bbox 606 2990 682 3030; x_wconf 82' lang='lat'><strong>516,</strong></span> <span class='ocrx_word' id='word_1_422' title='bbox 701 2990 739 3023; x_wconf 80' lang='lat'>21</span> <span class='ocrx_word' id='word_1_423' title='bbox 767 2985 898 3030; x_wconf 73' lang='grc' dir='ltr'><em>καθὼς</em></span> <span class='ocrx_word' id='word_1_424' title='bbox 922 2987 964 3025; x_wconf 82' lang='grc' dir='ltr'>ἐν</span> <span class='ocrx_word' id='word_1_425' title='bbox 987 2994 1068 3030; x_wconf 84' lang='grc' dir='ltr'><em>τοῖς</em></span> <span class='ocrx_word' id='word_1_426' title='bbox 1095 2991 1371 3032; x_wconf 74' lang='grc' dir='ltr'><em>Πτολεμαϊκοῐς</em></span> <span class='ocrx_word' id='word_1_427' title='bbox 1394 2985 1615 3034; x_wconf 78' lang='grc' dir='ltr'><em>γέγραπται.</em></span> 
     </span>
    </p>
   </div>
  </div>
 </body>
</html>
