2029 3392
20 953 56 988 10

557 220 717 265 ANTIQ.
745 221 841 257 IUD.
867 220 918 256 XI
945 225 1072 257 50-01
1103 226 1162 263 (m.
1180 227 1276 262 ο-ς)
1700 225 1748 259 15

86 337 266 392 νόμενον
297 332 396 380 οὐδὲ
427 338 688 390 περιουσίαν
720 331 964 391 ἀφαιρετὴν
996 332 1082 377 ὑπὸ
1105 335 1245 392 τιῗιχιις,
1280 331 1389 377 ἀλλὰ
1422 333 1475 376 τά
1499 335 1647 377 ὸίκαια
1676 338 1746 378 καὶ

85 405 139 449 τά
171 405 348 460 νόμιμα,
381 403 665 458 διακρίνουσα
697 398 780 444 ἀπ’
809 399 952 444 αὐτῶν
982 401 1036 443 τὰ
1070 400 1199 445 ἅὸικα
1229 405 1301 446 καὶ
1334 399 1677 457 ἀπελέγχοι·σα.“

200 477 236 516 7.
268 469 530 514 Καταπαύει
552 470 631 524 μὲν
653 470 675 512 ὁ
700 469 1013 526 Ζοροβάβηλος
1034 469 1110 512 τὸν
1134 473 1233 526 περὶ
1268 473 1344 528 τῆς
1367 467 1583 527 ἀληθείας
1606 469 1745 524 λόγον,
1765 477 1814 511 57

86 538 407 595 ἐπιβοήσαντος
445 538 492 580 δὲ
531 540 608 580 τοῦ
649 538 854 595 πλήθοις
891 538 951 587 ὡς
999 534 1159 615 ἄριστα
1209 538 1436 588 εἰπόντος,
1477 539 1546 580 καὶ
1591 533 1659 580 ὅτι
1698 537 1747 579 τὸ

83 603 251 665 ὀληθὲς
290 604 411 659 ἰσχὺν
443 603 662 660 ἄτρεπτον
701 607 774 648 καὶ
806 601 953 661 ἀγήρω
984 605 1120 658 μόνον
1160 605 1272 659 ε’χοι,
1314 605 1584 660 προσέταξεν
1617 601 1750 646 αἰτὸι

84 672 107 719 o‘
137 672 344 730 βασιλεὺς
376 672 655 730 αἷτησασθαί
684 691 729 716 τι
751 672 894 728 πάρεξ
923 669 983 715 ιῖν
1006 669 1137 723 αὐτὸς
1159 672 1208 729 ἡν
1238 671 1558 730 ὑπεσχημένος·
1592 671 1749 714 ὸώσειν

82 741 164 800 γὰρ
194 738 289 784 ὄντι
322 743 449 798 σοφιιῦ
479 743 550 784 καὶ
582 744 670 784 τῶν
693 738 838 784 ἄλλων
868 741 1036 795 μᾶλλον
1067 744 1250 797 φανέντι
1281 743 1471 796 συνετιιιῖ·
1503 775 1527 792 ,
1520 743 1750 795 σιγκαθε-

84 809 231 867 σθήσιη
264 809 312 851 δέ
339 825 430 863 μοι,
463 814 612 867 φησίν,
643 811 714 852 καὶ
737 808 920 866 κεκλήσῃ
952 807 1157 866 συγγενὴς
1188 808 1333 891 εἰιιός.“
1392 783 1516 850 ταῦτ’
1543 807 1748 857 εἰπόντος
1766 813 1818 850 55

83 876 332 935 ὑπέμνησεν
364 872 496 920 αιτὸν
526 893 604 935 της
635 873 771 933 ευχῆς,
804 873 853 936 ἧς
885 876 1142 933 ἕποιῶσατο,
1176 876 1214 919 εἰ
1246 876 1373 930 λάβοι
1396 875 1474 932 τὴν
1494 877 1749 931 βασιλείαν·

85 941 190 1003 αὕτη
222 941 264 988 δ’
292 938 344 988 ἂν
376 944 442 1001 ειή
475 944 765 1002 οικοόομῆσαι
806 946 886 999 μὲν
912 941 1214 1001 Ἰεροσόλυμα
1254 944 1579 986 κατασκευάσαι
1620 943 1666 986 δὲ·
1707 941 1751 985 ἓν

83 1009 234 1064 αυτοῖς
261 1011 339 1056 τὸν
369 1015 445 1055 τοῦ
476 1015 588 1055 θεοῦ
620 1013 738 1065 ναόν,
780 1008 1149 1070 αποκαταστῆσαι
1188 1012 1234 1055 δὲ
1273 1014 1345 1055 καὶ
1382 1011 1438 1054 τὰ
1479 1012 1625 1068 σκεύη,
1667 1005 1751 1053 ὅσα

84 1081 276 1139 συλήσας
298 1081 746 1164 Ναβουχοδονόσορος
769 1098 831 1132 εις
853 1085 976 1136 Βαβι
971 1082 1099 1123 λιῦνα
1122 1080 1338 1134 ἐκόμισεν.
1388 1081 1459 1122 καὶ
1482 1075 1605 1121 τοῦτ
1614 1113 1623 1130 ,
1651 1077 1750 1135 ἔφη

81 1145 245 1205 τούμὸν
284 1148 450 1206 αιτημά
490 1165 629 1201 εστιν,
671 1145 695 1192 0'
734 1166 811 1204 μοι
843 1152 916 1192 νῦν
949 1148 1205 1203 ἐπιτρέπεις
1238 1148 1515 1205 αἰτήσασθαι
1551 1149 1750 1203 κριθέντι

85 1220 212 1276 σοφῷ
242 1218 313 1259 καὶ
347 1220 541 1274 συνετιῦό

196 1288 235 1329 8.
263 1282 445 1336 Ἡσθεὶς
475 1284 549 1328 ἐπὶ
581 1281 756 1336 τούτοις
785 1282 806 1328 ὁ
838 1283 1045 1339 βασιλεὺς
1078 1279 1270 1333 ἀναστὰς
1291 1283 1582 1340 κατεφίλησέν
1603 1299 1650 1324 τε
1673 1277 1747 1324 αὗ·
1765 1287 1819 1325 59

83 1353 160 1398 τὸν
188 1355 260 1396 καὶ
291 1362 386 1403 τοῖς
414 1353 661 1406 τοπάρχαις
690 1355 763 1396 καὶ
796 1352 1050 1407 σατράπαις
1079 1351 1241 1407 γράφει
1271 1351 1456 1394 κελεύων
1478 1353 1751 1405 προπέμψαι

83 1421 161 1465 τὸν
191 1420 506 1478 Ζοροβάβηλον
537 1421 608 1463 καὶ
640 1420 744 1471 τοὺς
775 1419 852 1463 σὶιν
885 1416 1004 1476 αὐτῷ
1036 1420 1277 1474 μέλλοντας
1308 1418 1383 1461 ἐπὶ
1414 1418 1491 1476 τὴν
1515 1417 1751 1475 οἰκοδομὴν

84 1489 247 1541 ἐξιέναι
285 1491 364 1531 τοῦ
403 1491 523 1531 ναοῦ.
593 1488 822 1531 ἐπέστειλε
861 1488 907 1530 δὲ
944 1489 1017 1530 καὶ
1057 1496 1150 1537 τοῖς
1189 1486 1233 1529 ἐν
1272 1490 1412 1543 Συρίᾳ
1450 1489 1524 1530 καὶ
1566 1490 1749 1542 Φοινίκῃ
1765 1489 1820 1528 ΓιΟ

87 1558 194 1610 ξύλα
223 1558 400 1614 κέδρινα
420 1555 726 1612 κατακομίζειν
749 1555 793 1598 ἐκ
813 1558 891 1598 τοῦ
912 1554 1120 1610 Λιβάνου
1141 1554 1356 1609 τεμόντας
1377 1554 1440 1605 εἷς
1456 1552 1750 1609 Ἱεροσόλῑμα,

83 1628 157 1670 καὶ
189 1623 606 1683 συγκατασκευάζειν
639 1620 757 1680 αὐτῷ
788 1623 866 1681 τὴν
898 1622 1044 1675 πόλιν,
1084 1624 1155 1665 καὶ
1196 1622 1366 1673 πάντας
1405 1622 1597 1679 ἔγραψεν
1632 1621 1751 1664 ἐλευ-

84 1698 247 1749 θέρους
287 1691 401 1736 εἶναι
430 1691 533 1743 τοὺς
563 1692 627 1743 εἷς
655 1691 735 1750 τὴν
760 1688 978 1735 Ἰουδαίαν
1008 1691 1096 1732 τῶν
1129 1689 1418 1743 αἰχμαλώτων
1451 1687 1750 1739 ἀπελθόντας.

84 1764 158 1807 καὶ
187 1760 289 1812 τοὺς
320 1760 592 1818 ἐπιτρόπους
621 1759 724 1811 τοὺς
756 1756 890 1803 αὐτοῦ
909 1760 982 1802 καὶ
1006 1756 1240 1812 σατράπας
1262 1757 1475 1801 ἐκώλυσεν
1498 1757 1750 1800 ἐπιτάττειν
1765 1760 1814 1799 61

201 1873 223 1917 ξ
248 1876 288 1907 57
315 1888 359 1902 =
390 1875 416 1906 l.
434 1871 529 1906 Esra
553 1850 603 1906 N
629 1875 685 1907 41.

197 1974 440 2010 PFLAVWE
450 1974 520 2008 Lat
535 1974 696 2009 Zonaras
720 1973 736 2007 I
760 1984 796 2018 p.
823 1976 901 2009 312.

201 2035 215 2066 1
244 2026 479 2078 περιοῦσίαν,
503 2043 589 2076 περι
613 2041 642 2065 s.
668 2030 698 2063 L
809 2025 883 2066 ὑπὸ
909 2027 1031 2076 τύχης]
1056 2027 1098 2065 ἐν
1121 2031 1257 2075 καιριῦι
1279 2028 1285 2074 Ι
1306 2025 1380 2065 ὑπὸ
1406 2025 1531 2073 τύχησ,
1556 2028 1691 2073 καιρῶι
1717 2028 1752 2061 et

86 2084 159 2126 ὑπὸ
186 2087 282 2123 ultra
307 2088 433 2122 solitos
457 2097 627 2122 uersuum
644 2086 734 2121 fines
751 2086 892 2130 educta,
916 2085 958 2123 ἐν
981 2088 1116 2132 καιρῶι
1141 2085 1277 2129 repieta
1293 2085 1325 2117 A
1348 2080 1423 2120 ὑπὸ
1443 2081 1557 2129 τύχησ
1574 2083 1615 2119 ἐν
1630 2085 1753 2129 καιρῶ

86 2144 117 2180 L
209 2147 228 2180 2
253 2139 326 2181 ἀπ’
351 2139 488 2186 αὐτῶν]
512 2143 554 2179 ἐν
578 2139 704 2179 αὐτῶν
727 2144 875 2188 repieta,
899 2143 941 2180 ἐν
965 2154 1007 2178 ex
1031 2138 1097 2179 ἐπ’
1124 2153 1215 2178 corr.
1240 2140 1312 2176 uid.
1337 2141 1365 2173 A
1468 2137 1752 2185 ιῖπελλε-’γχουσα

87 2201 164 2237 PL¹
279 2204 298 2236 3
322 2197 580 2242 *Καταπαύει1
605 2202 669 2236 καὶ
692 2197 904 2236 καταπαύει
926 2199 1073 2234 LAVW
1186 2199 1267 2242 μὲν]
1292 2198 1362 2242 μὲν
1387 2191 1454 2234 οὖν
1480 2197 1511 2231 Ε
1613 2197 1753 2241 *ζορο-

86 2255 257 2307 βάβελοσ
281 2257 344 2292 FV
437 2260 457 2291 4
480 2253 555 2293 *τὸ
582 2252 724 2303 οἷληθὲσ
749 2254 893 2303 ἰσχὺνὶ.
911 2266 982 2291 ras.
1002 2259 1021 2290 4
1039 2257 1107 2291 litt.
1126 2266 1171 2291 m.
1191 2259 1209 2290 2
1227 2255 1255 2289 P
1325 2251 1397 2290 *τὸ
1422 2249 1558 2300 ἄληθες
1582 2262 1650 2287 om.
1676 2251 1706 2284 F

89 2318 108 2350 5
133 2311 208 2361 ε’χει
233 2313 266 2348 Ε
345 2315 365 2348 6
390 2313 609 2350 αἰτίσασθαι
634 2313 732 2347 L¹E¹
824 2310 975 2358 *πάρεξ
997 2306 1063 2354 ὧν]
1089 2310 1212 2359 παρεξ
1233 2305 1306 2347 ὧν·
1324 2321 1395 2346 -ex
1420 2323 1513 2356 παρ
1505 2323 1638 2356 εχωναι
1659 2318 1750 2343 corr.

87 2370 158 2407 uid.
175 2381 222 2406 m.
242 2373 261 2405 2
285 2370 314 2404 P
340 2369 517 2417 παρέχων
529 2365 560 2408 α’
584 2369 614 2403 F
640 2369 820 2416 παρέχειν
836 2370 900 2404 LA
918 2369 1099 2416 παρέχειν
1116 2370 1170 2404 ῶν
1187 2369 1219 2403 V
1242 2374 1391 2414 praece}
1408 2367 1618 2413 (promissa)
1635 2364 1707 2399 Lat

89 2421 215 2470 αὐτὸς]
237 2422 357 2463 αὗτὸσ
377 2422 397 2462 ὃ
418 2426 466 2460 W
529 2424 639 2463 δώσει
655 2426 686 2460 L
758 2430 774 2460 ἵ
795 2429 950 2475 συνετῷ]
967 2429 1114 2462 δυνατώ
1129 2425 1158 2460 P
1228 2420 1517 2468 συνκαθεσθηση
1535 2421 1562 2455 Ρ
1626 2422 1645 2455 8
1663 2422 1754 2466 φησὶ

86 2481 265 2519 FLAVW
357 2480 530 2529 κεκλήσῃ]
555 2480 723 2529 κληθηση
747 2482 878 2517 FLAV
981 2485 1100 2518 ταῦτα
1124 2481 1204 2516 WE
1296 2484 1315 2516 9
1341 2475 1473 2516 *αὐτῶ
1496 2478 1526 2511 F
1626 2470 1681 2523 ἧς]
1706 2473 1753 2522 ἢν

86 2538 298 2575 FLAVWE
372 2542 411 2574 10
429 2539 468 2576 δὲ
485 2534 598 2574 VWE
669 2536 717 2576 ἀν
734 2537 800 2586 εἴη]
818 2553 863 2584 ην
879 2538 1059 2573 LAVWE
1083 2542 1162 2573 erat
1178 2538 1250 2572 Lat
1317 2533 1615 2580 ἄνοικοδομησαι
1638 2532 1754 2568 VWE

87 2595 320 2641 reaedificare
343 2595 415 2630 Lat
516 2597 556 2631 12
582 2593 977 2643 ναβουχαδανάσοροσ
993 2605 1036 2629 ex
1054 2590 1441 2642 ναβοὺχοδονόσοροσ
1466 2602 1555 2626 corr.
1573 2601 1620 2626 m.
1638 2593 1657 2624 2
1675 2589 1703 2624 Ρ
1731 2585 1751 2625 ὃ

89 2649 481 2699 ναβουχαὸανάσαροσ
505 2654 537 2686 Α
562 2655 981 2700 ναβουχαὸανασσαροσ
1005 2651 1052 2685 W
1155 2648 1310 2695 ἐκόμισε
1333 2649 1396 2683 FL
1399 2648 1536 2683 A2VW
1636 2648 1752 2682 τοῦτο

88 2705 298 2743 FLAVWE
417 2711 456 2743 13
481 2707 560 2744 ἐστι
583 2708 614 2742 L
733 2711 773 2743 14
798 2704 1046 2745 συνετωτάτω
1070 2707 1214 2743 PFVW
1326 2709 1363 2739 15
1389 2701 1616 2750 κατεφίλησε
1639 2701 1752 2735 FVW

90 2766 128 2798 et
149 2773 193 2798 ex
209 2774 301 2799 corr.
326 2763 420 2798 PLA
515 2768 554 2798 17
580 2761 876 2812 *ζοροβάβελον
892 2764 922 2798 F
1015 2763 1259 2808 *μέλλοντασ,
1284 2765 1327 2797 λλ
1344 2772 1387 2796 ex
1402 2775 1429 2806 μ
1447 2766 1510 2796 aut
1526 2774 1547 2796 ν
1564 2769 1655 2795 corr.
1674 2758 1707 2792 A

88 2817 332 2866 *οἶκοδομὴν,
355 2817 416 2866 hi.
434 2831 506 2856 ras.
532 2824 564 2855 A
590 2821 813 2866 οἰκοδομίαν
835 2821 883 2855 W
956 2823 995 2856 18
1021 2819 1182 2863 *ε’-ξεῖναι
1205 2819 1253 2853 W
1347 2820 1451 2860 ναοῦ,
1476 2831 1497 2853 υ
1521 2826 1565 2851 ex
1588 2827 1635 2852 υσ
1658 2824 1751 2850 corr.

89 2877 123 2910 A
145 2878 238 2913 λαοῦ
261 2877 293 2911 Ε
363 2875 483 2914 *τοὺσ
506 2878 553 2912 W
626 2881 667 2914 19
691 2878 903 2922 τέμνοντασ
926 2877 1107 2911 LAVWE
1200 2879 1240 2911 20
1266 2870 1655 2917 *σὺνκατὰσκευάζειν
1678 2871 1708 2905 Ρ

90 2927 233 2982 *αὖτᾳῆ
250 2943 328 2968 cum
345 2933 397 2969 eis
412 2934 481 2967 Lat
551 2936 589 2968 21
617 2937 722 2970 *τῶν
739 2930 1001 2980 αἰχμαλώτων]
1021 2929 1285 2979 αἷχμαλώτοτσ
1301 2932 1396 2966 PFV
1466 2933 1508 2966 22
1526 2932 1589 2966 καὶ
1606 2925 1695 2970 τοὺς
1711 2947 1751 2952 -

93 2985 293 3034 σατράπασ
316 2989 338 3023 i.
358 2998 429 3024 ras.
448 2989 544 3024 circa
563 2993 603 3024 15
624 2990 691 3024 litt.
710 3000 755 3024 m.
775 2992 794 3024 2
819 2989 847 3023 P
916 2991 979 3025 καὶ
997 2987 1086 3031 τοὺς
1100 3010 1139 3014 -
1156 2984 1273 3026 αὐτοῦ
1299 2999 1366 3023 om.
1386 2987 1416 3022 F
1486 2983 1704 3024 ἐπιτάσσειν
1719 2983 1752 3016 Α
