2029 3392
836 198 1024 232 Praefatio.
1686 197 1768 232 LIII

99 315 140 356 in
174 314 271 356 XIV
305 326 402 356 usus
433 316 516 365 est,
558 312 658 355 uiris
690 311 824 353 doctis
856 325 979 354 curae
1014 313 1196 365 suerunt,
1239 325 1347 365 quae
1378 316 1474 367 post
1509 311 1765 355 Gronouium

98 382 237 425 editae
269 388 363 424 sunt
393 382 570 437 primum
604 395 629 422 a
664 382 718 422 lo.
742 381 846 422 Tol).
882 380 1120 432 Krebsw),
1161 380 1314 422 deinde
1346 394 1372 422 a
1406 379 1617 421 Ludouico
1652 381 1762 422 Men-

98 450 365 502 (1015301102),
405 455 499 504 post
530 461 652 501 quern
687 448 890 500 qimsdani
926 448 1079 489 l'aulus
1106 448 1279 490 Viereck
1314 448 1548 502 itci·auit³⁴);
1591 461 1764 500 quorum

97 517 458 559 Mendelssolinius
498 517 630 570 copiis
671 530 695 558 a
738 516 965 557 ltitscliclio
1007 517 1193 557 convotis
1233 517 1289 558 ita
1332 530 1430 557 usus
1470 521 1552 568 cst,
1601 523 1645 557 ut
1684 531 1763 558 non

96 585 268 626 multum
303 584 534 638 proliceret.
597 585 683 625 uita
717 584 882 636 loscpbi
924 597 1015 624 cuin
1048 584 1392 625 adnotationibus
1423 597 1610 625 seorsum
1651 583 1765 627 edita

95 657 157 694 est
187 653 241 693 ab
268 651 431 694 llcnlzio
453 655 495 703 ⁴),
529 652 596 705 qui
631 666 738 705 quae
770 666 820 693 ex
855 651 1070 693 codicibus
1104 653 1259 705 profert
1292 652 1590 705 1-1aue1·kamp0
1623 651 1762 694 debet.

208 721 270 761 De
304 720 424 761 huius
458 720 653 761 editionis
685 720 857 761 consilio
897 720 980 761 iarn
1022 720 1060 760 in
1103 719 1223 761 uol.l
1264 720 1526 773 praefatione
1557 720 1657 762 dixi.
1720 721 1762 762 id

91 787 218 840 igitur
249 788 330 842 egi,
365 794 406 829 ut
436 789 618 830 maxime
642 789 792 829 melius
824 787 1013 829 codicum
1046 801 1179 838 genus
1211 800 1427 841 ικ(»(μιο1·01·;
1460 801 1485 828 3
1515 788 1762 830 coniecturis

89 856 336 910 plerumque
367 857 571 909 abstinui,
612 856 691 898 nisi
725 855 826 908 quid
863 857 965 897 satis
998 862 1155 896 certum
1188 863 1260 896 aut
1292 856 1511 909 probabile
1550 856 1762 898 inuenisse

90 923 204 965 uisus
236 937 340 965 suin.
403 925 583 965 uirorum
616 924 831 965 doctorum
869 924 1153 976 coniecturas,
1193 936 1296 975 quas
1339 923 1507 976 quidem
1548 938 1761 978 noueram,

90 989 209 1044 dedi,
252 991 330 1033 nisi
370 991 539 1033 inutiles
573 991 844 1044 uidebantur,
886 991 927 1032 id
961 991 1072 1044 quod
1108 1004 1187 1032 uon
1222 1005 1314 1033 raro
1347 992 1522 1046 accidit,
1564 1005 1657 1034 cum
1698 993 1760 1034 illi

89 1059 310 1113 nescirent,
343 1059 443 1114 quid
466 1060 504 1101 in
530 1059 746 1101 codicibus
777 1064 900 1101 esset.
952 1059 1259 1113 discrepantias
1281 1059 1472 1101 codicum
1496 1059 1593 1102 dedi
1615 1074 1760 1103 omnes

88 1133 254 1181 praeter
286 1140 357 1169 eas
389 1134 647 1170 correcturas
680 1132 721 1170 et
752 1128 987 1170 lenissimas
1019 1132 1060 1169 et
1091 1128 1280 1179 crebras,
1318 1127 1470 1179 quibus
1501 1127 1627 1170 solita
1659 1129 1760 1170 uitia

89 1201 276 1236 correcta
312 1202 428 1248 sunt,
470 1208 646 1248 quarum
689 1209 780 1236 cum
821 1196 863 1236 in
897 1198 929 1236 A
964 1200 1048 1236 tuni
1081 1195 1122 1236 in
1156 1194 1187 1235 L
1228 1208 1405 1248 maguus
1445 1200 1509 1237 est
1547 1210 1757 1239 numerus.

89 1263 209 1304 omisi
240 1269 436 1305 accentus
468 1269 509 1305 et
540 1264 709 1317 spiritus
741 1263 918 1306 omissos
951 1272 1024 1304 aut
1057 1263 1260 1315 uariatos,
1303 1262 1346 1303 id
1379 1263 1491 1314 quod
1532 1265 1757 1319 praecipue

88 1331 129 1372 in
152 1331 185 1373 P
206 1338 248 1373 et
271 1331 303 1372 L
330 1332 456 1373 cadit.
509 1331 654 1373 horum
686 1332 894 1386 quaedam
928 1333 1015 1372 fere
1047 1344 1214 1385 semper
1246 1338 1471 1386 recurrunt,
1506 1337 1550 1374 ut
1585 1328 1756 1386 ἦρε-μεῖν

88 1412 162 1453 pro
196 1395 363 1451 'jocosis‘
399 1404 440 1441 et
479 1397 682 1447 ἐμποδῶν
716 1398 911 1441 ἐιηυὸίῦν
953 1412 1026 1452 pl‘O
1069 1397 1273 1447 ἕμιιοὸίὑν
1307 1398 1515 1440 ἐκποδών.
1576 1416 1597 1440 ν
1629 1399 1756 1453 ἐφελ-

88 1465 286 1506 κωηικὸν
319 1466 440 1520 posui
480 1466 613 1508 sicubi
652 1467 692 1509 in
726 1468 757 1508 P
790 1466 988 1508 traditum
1021 1471 1130 1520 erat,
1173 1480 1350 1520 quocum
1383 1469 1631 1522 plerumque
1663 1482 1755 1512 con-

87 1534 271 1576 sentiunt
302 1536 358 1576 A¹
392 1539 433 1576 et
465 1534 529 1586 W,
565 1536 698 1576 rarius
731 1536 774 1576 L.
827 1548 935 1587 quae
967 1534 1009 1576 hi
1041 1535 1119 1576 soli
1152 1541 1317 1589 praeter
1349 1536 1380 1577 P
1414 1535 1637 1578 tradebant
1669 1538 1753 1592 ple-

85 1615 260 1654 rumque
283 1615 362 1642 non
385 1602 598 1644 adnotaui.
643 1603 685 1644 in
708 1603 826 1644 libris
847 1602 1130 1644 XVIII—XX
1153 1602 1301 1645 eodem
1326 1603 1449 1646 modo
1471 1611 1639 1647 secutus
1662 1619 1754 1648 sum

84 1669 354 1712 Ambrosiani
378 1683 543 1711 manum
567 1671 754 1724 primam.
792 1683 874 1712 non
896 1671 1019 1711 aliter
1039 1671 1079 1711 in
1104 1671 1350 1714 elisionibus
1372 1672 1551 1726 syniz‹›si
1575 1674 1753 1727 aliisque

84 1738 324 1780 huiusmodi
356 1738 495 1791 quoad
521 1739 638 1790 potui
662 1738 809 1780 ducem
834 1738 961 1779 habui
986 1739 1238 1792 Palatinum,
1270 1739 1310 1780 in
1334 1739 1451 1782 libris
1468 1740 1753 1784 XVIII—XX

81 1805 351 1848 Ambrosiani
383 1819 552 1847 manum
581 1806 772 1859 primam.
818 1805 925 1848 haec
946 1811 1086 1847 tamen
1110 1807 1251 1848 omnia
1270 1820 1353 1849 non
1375 1807 1434 1848 ita
1453 1814 1622 1851 secutus
1645 1823 1749 1863 sum,

81 1878 127 1916 ut
157 1886 384 1927 numquam
416 1887 441 1915 a
473 1873 687 1928 proposito
720 1873 975 1926 aberrarem,
1007 1874 1138 1916 ueluti
1169 1874 1210 1915 in
1242 1875 1480 1918 nominibus
1502 1878 1681 1932 propriis
1712 1883 1753 1920 et

83 1941 205 1984 sicuti
237 1955 303 1984 res
334 1941 549 1996 postulare
581 1942 804 1984 uidebatur
836 1942 962 1984 etiam
996 1942 1101 1984 haee
1139 1942 1314 1984 minima
1352 1944 1506 1986 eui-aui.
1569 1943 1752 1998 denique

82 2009 254 2064 Iosephi
285 2010 427 2052 uerbis
457 2010 683 2064 subscripsi
715 2011 895 2065 primum
927 2010 1084 2053 codicis
1115 2011 1223 2053 sacri
1254 2012 1396 2064 graeci
1427 2013 1566 2067 locos,
1599 2015 1750 2067 quibus

80 2090 179 2119 usus
211 2083 295 2130 est,
334 2076 488 2119 deinde
522 2078 621 2120 belli
653 2078 836 2133 Iudaici,
873 2079 945 2120 ubi
975 2078 1124 2120 eadem
1157 2078 1392 2121 traduntur.
1454 2080 1529 2123 hos
1560 2080 1661 2123 dedi
1692 2083 1752 2125 eis

78 2177 302 2221 praefatione
325 2179 478 2212 testatus
505 2180 569 2212 est.
611 2178 743 2222 optime
767 2189 875 2220 uero3
900 2178 962 2213 sed
987 2180 1105 2223 ipsum
1130 2172 1306 2225 ὥρμηκεν
1331 2189 1452 2214 omnes
1476 2180 1643 2216 exhibent
1667 2185 1750 2218 ante

81 2233 322 2275 Dindorfium,
353 2234 448 2278 apud
481 2245 584 2278 quem
616 2236 822 2280 typothetas
856 2245 995 2270 errasse
1026 2242 1127 2279 puto.
1175 2236 1266 2270 haec
1291 2246 1503 2280 quamquam
1529 2238 1573 2271 ab
1597 2248 1636 2273 re
1666 2243 1750 2274 sunt

80 2290 196 2324 aliena
220 2292 313 2332 (113111
339 2290 424 2334 quid
449 2290 613 2325 Bekkero
640 2302 720 2326 cum
745 2291 936 2336 losephoza)
960 2292 1040 2327 ideo
1066 2292 1232 2336 exposui,
1268 2293 1350 2337 quia
1376 2293 1559 2328 Bekkerus
1583 2294 1620 2329 in
1644 2306 1747 2339 prae-

79 2345 214 2382 fatione
230 2347 420 2382 uoluminis
446 2347 463 2381 I
488 2347 677 2382 editionem
696 2347 894 2382 Parisinam
920 2359 990 2382 non
1016 2348 1092 2383 sine
1117 2352 1325 2393 contemptu
1350 2350 1524 2392 stringere
1549 2361 1658 2387 ausus
1683 2358 1747 2395 est,

78 2404 155 2448 ipse
179 2405 317 2438 scilicet
339 2401 767 2448 meliora‘praestaturus.
817 2405 912 2449 quod
936 2406 965 2440 si
990 2405 1075 2439 fecit
1098 2405 1240 2449 ingenio
1266 2406 1400 2450 fretus,
1434 2407 1594 2452 exemplo
1626 2408 1748 2444 docuit

79 2460 166 2496 nihil
191 2471 272 2496 esse
296 2461 474 2503 ingenium
500 2461 576 2495 sine
601 2461 790 2505 disciplina
815 2467 850 2496 et
873 2462 1065 2503 diligentia.

196 2520 225 2559 1)
251 2517 405 2551 Decreta
423 2516 663 2552 Romanorum
688 2529 752 2562 pro
771 2518 912 2553 Iudaeis
933 2519 1030 2552 faeta
1047 2529 1066 2552 e
1083 2518 1235 2563 Iosepho
1254 2519 1415 2554 collect-a.
1456 2520 1666 2556 adiunctum
1690 2526 1745 2557 est

79 2573 257 2607 decretum
274 2573 544 2608 Atheniensium
569 2585 634 2618 pro
653 2574 818 2619 Hyrcano
844 2576 978 2609 factum
1005 2576 1259 2610 commentario
1279 2576 1497 2610 illustratum
1521 2586 1542 2610 a
1558 2577 1610 2612 Io.
1631 2577 1745 2614 Tobia

78 2628 242 2664 Krebsio.
281 2629 427 2674 Lipsiae
452 2630 750 2666 MDCCLXVIII.

195 2688 226 2727 2)
251 2685 346 2720 Acta
370 2686 550 2721 societatis
578 2687 779 2732 philologae
804 2687 999 2731 Lipsiensis
1031 2688 1085 2722 ed.
1113 2688 1154 2722 F.
1179 2687 1409 2723 Ritsehelius.
1441 2689 1511 2725 uol.
1531 2689 1561 2723 V
1584 2701 1620 2734 p.
1638 2693 1678 2725 87
1691 2702 1743 2736 sq.

194 2745 227 2785 3)
251 2741 371 2777 Sermo
395 2752 545 2786 graecus
571 2754 639 2788 quo
673 2748 819 2779 senatus
852 2745 1078 2788 populusque
1103 2744 1285 2778 Romanus
1310 2746 1610 2791 magistratusque
1638 2758 1673 2791 p.
1698 2747 1743 2784 R.

82 2808 194 2843 usque
224 2799 270 2833 ad
301 2798 357 2834 Ti.
384 2799 547 2834 Caesaris
580 2804 734 2835 aetatem
764 2801 821 2835 usi
853 2805 937 2835 sunt
968 2801 1202 2836 examinatur.
1251 2801 1395 2846 scripsit
1418 2801 1551 2838 Paulus
1575 2803 1742 2841 Viereck.

83 2853 272 2898 Gottingae
291 2856 388 2890 1888.

192 2914 226 2950 4)
249 2910 366 2945 Flauii
390 2910 532 2955 Iosephi
563 2912 608 2946 de
630 2912 707 2946 uita
734 2923 800 2947 sua
823 2912 912 2947 liber
935 2922 1074 2956 graece.
1123 2913 1304 2948 recensuit
1335 2914 1547 2950 uarietatem
1576 2915 1738 2952 lectionis

79 2969 115 3001 et.
137 2969 240 3002 notas
265 2967 395 3002 adiecit
418 2968 527 3003 Henr.
554 2968 644 3004 Phil.
671 2969 774 3004 Conr.
802 2968 938 3004 Henke.
984 2970 1177 3005 Brunouiei
1203 2973 1302 3005 1786.
