2107 3377
236 175 316 214 152
742 171 905 216 ANTIQ.
929 171 1027 208 IUD.
1052 171 1142 207 xm
1166 174 1254 207 3-s
1278 174 1406 215 (1.1.·2)

237 289 284 332 δὲ
314 289 369 345 τῇ
397 286 565 330 τούτων
596 289 790 343 πονηρίᾳ
810 287 883 328 καὶ
905 283 1033 340 λιμὸς
1053 284 1132 343 τὴν
1148 285 1295 340 χώραν
1315 283 1588 340 καταλαβών,
1620 280 1679 333 ῶς
1709 283 1902 336 πολλοὺς

236 355 311 400 διὰ
348 354 428 412 τὴν
467 353 631 397 σπάνιν
671 355 758 395 τῶν
797 348 1046 408 ἀναγκαίων
1082 354 1156 396 καὶ
1195 351 1244 396 τὸ
1287 352 1345 411 μὴ
1387 352 1610 396 δύνασθαι
1647 360 1742 402 τοῖς
1785 347 1896 407 παρ’

238 420 503 481 ἆμφοτέρων
535 417 626 463 ἆπό
659 437 707 463 τε
735 422 814 463 τοῦ
846 420 977 474 λιμοῦ
1005 422 1078 464 καὶ
1109 423 1196 463 τῶν
1218 420 1390 475 ἐχθρῶν
1413 420 1574 470 δεινοῖς
1597 414 1790 473 ἆντέχειν
1822 415 1901 463 αὗ-

179 497 205 536 4
234 492 480 549 τομολῆσαι
511 487 626 545 πρὸς
655 487 758 538 τοὺς
787 487 1068 539 Μακεδόνας.
1128 488 1347 544 Βακχίδης
1378 487 1424 530 δὲ
1445 489 1530 530 τῶν
1545 483 1770 530 Ἰουδαίων
1799 486 1902 538 τοὺς

235 555 520 607 ἀποστάντας
556 559 633 612 τῆς
670 560 864 613 πατρίου
903 559 1144 613 συνηθείας
1182 558 1256 599 καὶ
1285 555 1363 598 τὸν
1394 555 1542 599 κοινὸν
1571 558 1670 609 βίον
1705 571 1903 612 προῃρη-
1931 564 1950 598 5
1988 564 1990 566 ’

233 630 392 682 μένους
425 628 731 680 συναθροίσας
759 624 934 674 τούτοις
965 623 1222 680 ἐνεχείρισεν
1252 623 1330 680 τὴν
1360 625 1438 679 τῆς
1465 623 1610 677 χώρας
1631 622 1902 678 ἐπιμέλειαν,

235 697 278 738 οἳ
307 696 380 737 καὶ
413 691 795 747 συλλαμβάνοντες
824 690 926 742 τοὺς
951 687 1115 735 Ἰούδου
1138 693 1297 749 φίλους
1327 692 1399 733 καὶ
1421 689 1476 733 τὰ
1499 689 1663 733 ἐκείνου
1685 693 1903 748 φρονοῦν-

231 778 312 812 τας
350 763 414 817 τῶ
452 761 646 817 Βακχίδῃ
686 759 963 816 παρέδοσαν·
1005 756 1027 802 ὁ
1069 759 1116 801 δὲ
1152 758 1403 814 βασανίζων
1433 761 1612 815 πρῶτον
1643 753 1800 810 αὐτοὺς
1829 761 1903 803 καὶ

178 836 202 874 5
233 828 348 884 πρὸς
378 828 538 886 ἡδονὴν
569 827 841 882 αἰκιζόμενος
873 823 1028 871 ἔπειθ’
1055 826 1195 877 οὕτως
1226 826 1498 884 διέφθειρεν.
1557 825 1718 884 ταύτης
1750 826 1797 870 δὲ
1825 829 1904 884 τῆς

234 899 467 954 συμφορᾶς
509 905 603 946 τοῖς
636 892 868 946 Ἰουδαίοις
906 895 1167 953 τηλικαύτης
1201 897 1455 952 γενομένης,
1499 891 1648 951 ἡλίκης
1687 889 1765 938 οῦκ
1793 885 1906 951 ἦσαν
1934 901 1972 936 10
2015 895 2023 907 ”

233 967 559 1019 πεπειραμένοι
589 962 700 1018 μετὰ
730 962 809 1020 τὴν
842 963 886 1006 ἐκ
907 956 1173 1017 Βαβυλῶνος
1205 962 1436 1014 ἐπάνοδον,
1470 962 1512 1005 οἱ
1533 963 1905 1020 περιλειφθέντες

233 1036 320 1076 τῶν
351 1032 538 1088 ἑταίρων
568 1034 656 1074 τῶν
680 1027 844 1075 Ἰούδου
874 1032 1116 1085 βλέποντες
1148 1025 1453 1084 ἀπολλύμενον
1485 1029 1667 1086 οἰκτρῶς
1697 1029 1746 1073 τὸ
1771 1030 1905 1082 ἔθνος

234 1100 566 1157 προσελθόντες
606 1095 739 1142 αἰτοῦ
778 1101 840 1154 τῷ
881 1094 1063 1154 ἀδελφῷ
1087 1093 1277 1155 Ἰωνάθῃ
1317 1101 1562 1152 μιμεῖσθαι
1600 1097 1678 1141 τὸν
1710 1093 1904 1156 ἀδελφὸν

235 1166 369 1213 αἰτοῦ
405 1171 480 1212 καὶ
517 1167 595 1225 τὴν
637 1166 802 1210 ἐκείνου
833 1168 937 1222 περὶ
969 1167 1056 1208 τῶν
1087 1162 1329 1223 ὁμοφυλίαν
1360 1165 1578 1221 πρόνοιαν
1607 1162 1758 1224 ἠξίουν
1789 1162 1905 1210 ἆπο-

232 1236 455 1286 θανόντος
484 1233 597 1289 ὗπὲρ
627 1237 704 1291 τῆς
736 1234 910 1277 ἐκείνων
944 1233 1213 1288 ἐλευθερίας,
1245 1235 1318 1276 καὶ
1348 1232 1406 1290 μὴ
1438 1236 1654 1289 περιορᾶν
1676 1229 1907 1291 ἂπροστά-
1935 1254 1973 1288 15

178 1311 203 1351 6
233 1320 364 1361 τητον
393 1302 442 1346 τὸ
477 1302 611 1353 ἔθνος
641 1297 747 1360 μηδ’
775 1302 818 1346 ἐν
852 1301 918 1353 οἷς
950 1305 1204 1360 φθείρεται.
1265 1298 1287 1344 ὁ
1322 1297 1363 1343 δ’
1385 1297 1599 1359 Ἰωνάθης
1621 1301 1768 1360 φήσας
1789 1301 1905 1346 ἑτοί-

234 1388 328 1427 μως
360 1368 473 1425 ἔχειν
506 1366 810 1429 ἀποθνήσκειν
840 1368 953 1426 ὑπὲρ
987 1365 1129 1412 αὐτῶν
1149 1371 1223 1413 καὶ
1246 1371 1482 1424 νομισθεὶς
1502 1368 1612 1412 κατὰ
1633 1370 1769 1428 μηδὲν
1791 1369 1906 1416 εἶναι

231 1444 390 1495 χείρων
421 1435 646 1495 τάδελφοῦ
677 1437 921 1495 στρατηγὸς
953 1433 1271 1482 ἀποδείκνυται
1300 1439 1388 1480 τῶν
1413 1433 1652 1481 Ἰουδαίων.

179 1512 202 1551 7
348 1511 386 1550 2.
415 1505 462 1550 Ὁ
495 1507 541 1549 δὲ
571 1506 789 1564 Βακχίδης
821 1502 1012 1556 ἀκούσας
1041 1509 1114 1550 καὶ
1147 1509 1390 1564 φοβηθείς,
1430 1506 1488 1564 μὴ
1521 1505 1728 1564 παράσχῃ
1760 1506 1905 1562 πράγ-

235 1593 355 1630 ματα
384 1577 448 1632 τῷ
476 1575 654 1630 βασιλεῖ
682 1576 756 1617 καὶ
786 1583 882 1625 τοῖς
902 1571 1163 1618 ΖΙΙακεδόσιν
1194 1570 1462 1632 ὂἸωνάθης,
1496 1571 1556 1625 (ὗς
1585 1576 1658 1618 καὶ
1688 1574 1907 1630 πρότερον
1935 1582 1973 1617 2⁰

178 1647 202 1689 8
227 1640 407 1697 Ἰούδας,
440 1639 701 1686 ἀποκτεῖναι
724 1642 840 1699 δόλῳ
862 1645 1018 1685 τοῦτον
1040 1641 1192 1699 ἐζήτει.
1252 1642 1414 1700 ταύτην
1437 1643 1483 1686 δὲ
1505 1642 1613 1696 ἔχων
1641 1641 1721 1699 τὴν
1741 1645 1905 1698 προαί-

235 1728 356 1767 ρεσιν
398 1707 474 1755 οῦκ
513 1711 676 1754 ἔλαθεν
713 1709 791 1754 τὸν
816 1706 1033 1766 Ἰωνάθην
1072 1706 1173 1753 οῦδὲ
1211 1710 1288 1754 τὸν
1321 1706 1516 1767 ἀδελφὸν
1547 1706 1679 1753 αὐτοῦ
1709 1713 1902 1764 Σίμωνα,

235 1775 349 1821 ἄλλα
387 1777 470 1835 γὰρ
506 1779 731 1833 μαθόντες
771 1774 894 1822 οὗτοι
924 1780 997 1821 καὶ
1028 1778 1365 1833 παραλαβόντες
1394 1777 1497 1828 τοὺς
1527 1777 1727 1832 ἑταίρους
1759 1773 1904 1820 ἅπαν-

234 1863 315 1897 τας
347 1846 409 1897 εἷς
441 1845 516 1903 τὴν
549 1845 732 1905 ἐρημίαν
761 1845 841 1902 τὴν
873 1846 1049 1903 ἔγγιστα
1079 1849 1155 1904 τῆς
1186 1845 1361 1896 πόλεως
1391 1846 1439 1888 τὸ
1472 1845 1604 1899 τάχος
1626 1845 1799 1903 ἔφυγον,
1830 1847 1904 1889 καὶ

237 1914 589 1971 παραγενόμενοι
624 1914 697 1957 ἐπὶ
729 1913 779 1957 τὸ
812 1914 929 1968 ’ὕδωρ
960 1913 1009 1957 τὸ
1042 1914 1310 1968 καλούμενον
1343 1914 1500 1956 λάκκου
1532 1910 1708 1971 Ἀσφὰρ
1741 1913 1906 1958 αὐτόθι
1935 1921 1971 1955 25

350 2073 371 2116 ξ
394 2075 413 2106 3
439 2091 481 2102 =
511 2077 537 2109 1.
556 2072 720 2107 Maccab.
746 2071 797 2106 IX
823 2074 877 2106 24.

347 2208 679 2243 PFLAMVWLat
691 2208 851 2243 Zonaras
876 2207 893 2241 1
917 2218 951 2252 p.
980 2210 1056 2242 375.

351 2268 365 2299 1
394 2266 572 2311 πονηρία,
597 2267 683 2311 ηρία
708 2265 730 2300 i.
748 2274 819 2299 ras.
844 2265 877 2299 V
903 2266 1074 2300 πολιτεία
1102 2264 1132 2298 Ε
1235 2267 1253 2298 2
1280 2265 1446 2300 σπανιάν
1470 2264 1498 2298 Ρ
1593 2261 1650 2307 τὸ]
1676 2267 1730 2313 τῷ
1756 2264 1838 2300 coni

234 2324 327 2364 τοῖς]
353 2327 440 2357 ταῖσ
464 2321 492 2355 P
518 2319 611 2358 τοὺσ
634 2322 680 2356 W
798 2324 816 2355 3
843 2324 895 2362 τε]
920 2331 988 2356 om.
1014 2321 1137 2355 AMW
1163 2333 1204 2368 γε
1230 2320 1257 2355 Ρ
1382 2325 1400 2355 5
1427 2322 1758 2368 *προειρημένουσ
1783 2321 1813 2355 L

236 2382 255 2413 6
282 2377 546 2425 *ἐνεχείρησεν
571 2383 643 2420 (-σε
668 2377 743 2420 FL)
768 2377 910 2412 PFLW
1011 2381 1027 2411 ἰ
1055 2374 1161 2414 ἰούδα
1185 2377 1440 2412 FLAMVWE
1536 2380 1554 2412 S
1580 2379 1759 2425 *βακχίδι
1783 2378 1814 2412 L

235 2437 492 2482 παρεδίδοσαν
507 2435 664 2470 AMWE
736 2438 755 2470 9
774 2429 873 2471 οἱῗτω
891 2435 923 2469 V
993 2435 1015 2469 i.
1035 2445 1143 2479 marg.
1163 2431 1205 2470 α’
1222 2433 1252 2467 L
1324 2434 1362 2470 δὲ
1379 2446 1407 2470 s.
1425 2435 1455 2469 L
1532 2438 1568 2469 12
1596 2437 1683 2476 τῶν]
1702 2432 1771 2471 τὸν
1788 2434 1818 2469 F
1836 2435 1905 2471 τοῦ

236 2491 434 2534 LAMVW‚
453 2503 520 2527 om.
539 2491 572 2525 E
642 2489 808 2537 *ἑτέρων
824 2492 901 2527 PV¹
972 2488 1076 2527 ἰοί-δα
1094 2490 1350 2526 FLAMVWE
1421 2491 1594 2537 οἰκτρῶς]
1613 2493 1761 2538 πικρῶσ
1776 2489 1905 2527 PFLV

236 2549 488 2584 miserabiliter
512 2548 582 2582 Lat
654 2551 694 2583 13
720 2545 1004 2593 προσελθόντες
1020 2568 1063 2573 -
1085 2550 1124 2582 115
1150 2545 1264 2590 ἔθνος
1289 2548 1342 2582 bis
1360 2548 1514 2592 scripsit,
1539 2549 1660 2593 priora
1677 2548 1809 2583 deleuit
1828 2547 1858 2582 F

240 2608 279 2639 15
304 2604 471 2647 ἐκείνων]
498 2599 680 2642 ἁπάντων
696 2604 885 2640 AMVWE
907 2602 1090 2642 ἁπάντων
1113 2602 1270 2640 ἐκείνων
1293 2603 1412 2648 priore
1436 2604 1516 2640 loco
1541 2603 1698 2642 ἐκείνων
1722 2601 1904 2641 ἁπάντων

236 2662 436 2706 posteriore
459 2662 489 2696 F
561 2658 905 2708 *α’προστιὲτευτον
927 2661 1084 2696 FA¹MV
1109 2655 1380 2706 άπὸστατητὸν
1405 2660 1449 2694 L¹
1525 2665 1563 2696 1ss
1587 2661 1678 2706 μηδὲ
1702 2660 1858 2695 AMWE

236 2720 450 2765 φθείρεται]
474 2721 607 2755 κακῶσ
632 2720 833 2765 φθείρεται
859 2719 923 2752 LA
954 2719 1060 2754 κακῶ
1085 2718 1283 2764 φθείρεται
1309 2717 1355 2751 W
1386 2723 1525 2753 κακοῖσ
1555 2718 1754 2762 φθείρεται
1780 2717 1812 2751 Ε

237 2774 273 2811 δὲ
300 2774 407 2809 AME
504 2778 541 2809 17
570 2772 737 2817 *αι’-τῶν]
762 2776 902 2810 cunctis
925 2775 995 2809 Lat
1107 2775 1145 2807 18
1168 2779 1302 2820 χεῖρον
1319 2773 1346 2807 Ρ
1369 2775 1487 2820 χείρω
1509 2774 1537 2807 F
1647 2777 1714 2810 τοῦ
1738 2770 1903 2820 α’δελφοῦ

237 2830 403 2865 PFLMV
501 2836 540 2866 19
568 2829 588 2868 ὁ
615 2832 665 2874 δὲ]
692 2832 790 2877 qnod
811 2832 881 2866 Lat
908 2828 929 2867 ὃ
956 2831 1034 2867 coni
1127 2825 1306 2872 α’κοὺσας]
1332 2825 1504 2866 (ἷκοιῖσασ
1531 2833 1642 2866 τοῦτο
1669 2829 1858 2866 LAMWE

237 2889 275 2921 21
305 2883 342 2922 ὁ)
367 2888 399 2922 V
471 2891 511 2922 22
538 2885 700 2932 *σιμόνα
727 2888 772 2922 W
874 2890 915 2922 23
941 2883 1058 2928 ’τοὺς
1081 2896 1150 2922 om.
1177 2886 1204 2920 P
1307 2890 1347 2921 25
1374 2884 1517 2923 λάκκου
1542 2883 1690 2933 Ἀσφὰρ]
1718 2886 1844 2921 PFLV
1867 2889 1903 2921 et

236 2942 258 2978 i.
290 2953 397 2988 marg.
424 2943 496 2978 AM
521 2941 662 2980 λάκκου
686 2941 845 2991 θασφὰρ
869 2944 898 2978 F
929 2939 1158 2989 α’κοτασφὰρ
1181 2943 1255 2978 ΑΜ
1289 2938 1516 2988 emimus«,
1542 2942 1585 2976 W
1612 2944 1810 2988 accuassar
1833 2942 1903 2978 Lat

2059 891 2076 1187 -——-...*.-·-<‹'-v‘
