2107 3377
185 277 266 318 392

185 615 265 656 393

183 952 265 992 394

182 1223 262 1264 395

181 1497 261 1538 396

297 158 379 198 312
696 157 858 202 ANTIQ.
883 157 981 193 IUD.
1006 157 1093 194 XIV
1116 160 1297 194 391-396
1321 160 1404 202 (xlv.
1420 164 1449 191 6.
1465 162 1524 191 xv.
1541 162 1571 202 1)

296 273 371 315 καὶ
408 271 580 327 λάθρα,
620 269 816 321 πολλοὺς
856 266 1000 313 αὐτῶν
1039 271 1341 328 διέφθειραν.’
1387 267 1467 315 κᾶν
1504 271 1647 328 τούτῳ
1678 272 1907 324 Βεντίδιος
1936 271 1959 318 ὅ

293 338 518 395 Ῥωμαίων
550 337 793 395 στρατηγὸς
823 339 1057 395 πειιφθεὶς
1088 355 1133 382 εκ
1154 343 1317 394 Συρίας
1347 333 1461 382 ω’στε
1484 339 1704 395 Πάρθους
1733 335 1961 398 ἀνείργειν,
2024 343 2032 349 “

295 403 394 462 ιιετ3
422 407 610 456 ἐκείνους
650 405 713 456 εἷς
749 404 828 462 τὴν
853 401 1072 449 Ἰουδαίαν
1111 407 1362 464 παρέβαλεν
1399 409 1463 448 τιῦ
1503 406 1617 463 λόγω
1655 407 1734 462 μὲν
1757 403 1962 465 Ἰωσήπῳ

298 473 615 532 συμμαχήσων,
647 471 696 516 τὸ
731 468 770 515 δ
798 467 901 517 όλον
931 490 984 527 ην
1016 469 1136 531 αὐτῶ
1174 474 1458 531 στρατήγημα
1493 474 1697 531 χρήματα
1726 470 1838 530 παρ’
1862 470 1962 518 Ἀν-

295 542 472 599 τιγόνου
495 543 667 596 λαβεῖν·
700 539 877 597 ἐγγιστα
898 544 1002 598 γοῦν
1019 539 1330 597 Ἱεροσολυμων
1358 542 1816 597 στρατοπεδευόμενος
1848 537 1964 586 ἆπο-

294 610 500 690 χρώντως
538 604 804 664 ηργυρίσατο
848 609 925 652 τὸν
955 605 1218 666 Ἀντίγονον.
1286 611 1359 653 καὶ
1400 605 1532 660 αἰτὸς
1571 610 1651 664 ιιὲν
1690 606 1962 667 ἀνεχώρησεν

297 693 375 720 συν
404 679 459 733 τῇ
490 677 666 720 πλείονι
697 676 901 731 δυνάμει,
933 677 1008 720 ι’να
1044 677 1090 720 δὲ
1120 676 1178 735 μὴ
1210 677 1479 734 κατάφωρον
1508 680 1686 735 γένηται
1715 676 1765 721 τὸ
1799 679 1961 735 λῆμμα,

297 746 472 788 Σίλωνα
502 743 613 799 μετὰ
643 746 803 799 μέρους
827 744 949 795 τινὸς
970 747 1056 787 τῶν
1079 748 1363 801 στρατιωτῶν
1384 747 1630 799 κατέλιπεν,
1663 744 1714 789 ὃν
1733 747 1807 789 καὶ
1829 740 1963 789 αὐτὸν

295 812 572 866 ἐθεράπευεν
592 807 854 868 Ἀντίγονος,
887 807 1013 863 ὅπως
1033 813 1168 868 μηδὲν
1191 813 1401 871 ἐνοχλοίη,
1434 813 1696 869 προσδοκῶν
1719 815 1791 857 καὶ
1824 812 1964 857 πάλιν

297 876 417 937 αὐτῷ
447 879 668 937 Πάρθους
699 879 954 935 ἐπαμυνεῖν.

409 951 503 993 XV.
538 953 573 991 1.
591 945 791 1005 (Ηρώδης
823 945 864 990 δ’
892 947 936 990 ἐκ
957 950 1034 1004 τῆς
1049 943 1238 998 Ἰταλίας
1258 945 1340 1004 ἤδη
1361 948 1737 1000 καταπεπλευκώς
1757 949 1822 1000 εἰς
1842 954 1964 994 Πτο-

296 1017 485 1071 λεμαΐδα
514 1018 588 1059 καὶ
620 1015 898 1072 συναγηοχὼς
930 1015 1114 1069 δύναμιν
1146 1011 1223 1058 οὐκ
1252 1011 1402 1072 ὀλίγην
1425 1015 1558 1066 ξένων
1578 1033 1626 1059 τε
1647 1016 1740 1071 ἅμα
1759 1019 1833 1060 καὶ
1854 1014 1964 1072 ὅμο-

295 1084 447 1142 φύλων
486 1082 648 1142 ἤλαυνε
687 1083 761 1128 διὰ
800 1086 878 1140 τῆς
910 1084 1156 1132 Γαλιλαίας
1196 1081 1273 1125 ἐπὶ
1311 1082 1388 1126 τὸν
1423 1079 1686 1139 Ἀντίγονον.
1749 1084 1965 1140 συνελάμ-

293 1156 430 1207 βανον
471 1148 510 1194 δ
538 1147 658 1208 αυτῷ
689 1151 831 1194 Σίλων
867 1167 916 1194 τε
955 1153 1027 1194 καὶ
1071 1150 1302 1201 Βεντίδιος
1338 1154 1606 1202 πεισθέντες
1643 1148 1732 1196 ὗπὸ
1770 1153 1964 1197 Δελλίου

296 1219 582 1276 συγκατάγειν
599 1217 796 1276 Ἡρώδην
817 1220 896 1261 τοῦ
916 1215 1251 1276 πεμφθέντος(
1229 1214 1309 1261 υπ)
1330 1213 1582 1262 Ἀντωνίου.
1627 1219 1857 1271 Βεντίδιος
1885 1219 1965 1275 μὲν

295 1304 371 1330 ουν
403 1303 474 1330 ετυ
477 1304 582 1343 γχαι
587 1303 631 1330 εν
660 1285 741 1337 τὰς
769 1285 965 1343 ταραχὰς
994 1285 1075 1336 τὰς
1097 1284 1172 1329 διὰ
1192 1285 1451 1341 Πάρθους’
1433 1303 1478 1330 εν
1498 1295 1597 1338 ταῖς
1617 1287 1804 1331 πόλεσιν
1829 1303 1964 1340 ουσας

293 1354 645 1409 καθιστάιιενος,
686 1355 829 1398 Σίλων
870 1350 910 1397 δ’
938 1353 982 1397 ἓν
1007 1349 1202 1411 Ἰουδαία
1235 1353 1454 1436 χρήμεασιν
1485 1349 1565 1397 ὕπ’
1589 1350 1842 1412 Ἀντιγόνου
1873 1355 1964 1400 διε-

294 1426 570 1480 φθαριιένος.
617 1420 789 1479 Ἡρώδῃ
812 1425 965 1477 μέντοι
986 1422 1193 1477 προϊόντι
1214 1417 1320 1465 καθ>
1341 1421 1525 1501 ἕξάστην
1547 1420 1757 1479 ἡμέραν(
1732 1441 1758 1482 η
1781 1423 1966 1479 δύναμις

293 1487 446 1549 ηὔξετο
476 1493 549 1535 καὶ
580 1493 707 1534 πᾶσα
738 1490 959 1533 Γαλιλαία
989 1489 1106 1545 πλὴν
1136 1485 1297 1546 ὀλίγων
1339 1485 1458 1547 αυτιῦ
1488 1494 1803 1546 προστέθειτο.
1876 1489 1964 1549 ὦρ-

292 1558 462 1616 μηκότα
494 1555 534 1601 δ’
563 1555 696 1602 αυτὸν
727 1557 805 1602 ἐπὶ
835 1574 938 1609 τους
969 1557 1013 1600 ἐν
1035 1558 1243 1612 Μεσάδα,
1277 1553 1512 1614 αναγκαῖον
1541 1557 1624 1615 γὰρ
1655 1557 1707 1617 ἠν
1735 1557 1784 1603 τὸ
1819 1561 1965 1604 σῶσαι

291 1643 394 1677 τους
435 1626 479 1670 ἐν
518 1629 582 1683 τιῦ
621 1631 824 1684 φρουρίῳ
864 1627 1266 1682 πολιορκουμένους
1304 1635 1523 1683 συγγενεῖς
1561 1643 1713 1681 οντας,
1754 1627 1963 1683 ἐμποδὼν

287 1690 447 1751 Ἰόππη
479 1699 668 1750 γίνεται·
701 1696 921 1749 πολεμίαν
950 1693 1034 1750 γὰρ
1066 1692 1202 1737 οὖσαν
1234 1712 1368 1750 αυτην
1400 1693 1524 1753 ἐχρῆν
1547 1693 1708 1746 ἐξελεῖν
1730 1695 1961 1751 πρότερον,

407 1822 427 1861 ,ἢ
456 1821 520 1854 392
545 1837 591 1848 =
614 1818 695 1853 bell.
722 1819 798 1854 Iud.
823 1819 841 1853 Ι
867 1821 945 1854 288.

404 1920 770 1956 PFLAMVWELat
782 1921 943 1956 Zonaras
968 1921 985 1955 I
1010 1932 1044 1965 p.
1071 1924 1148 1956 414.

407 2004 421 2035 1
450 1997 616 2045 *λάθρα1
642 1968 706 2036 ’λε’
723 2001 752 2034 V
860 2001 1002 2036 *τοῦτο
1029 1999 1090 2034 PL
1167 1999 1343 2046 βενδίδησ
1367 1999 1398 2033 Ε
1422 2001 1614 2046 βενδίδιοσ
1636 1999 1714 2036 Zon
1807 2003 1826 2035 2
1851 1996 1964 2038 *ἆνε-

290 2058 432 2104 γείρειν
456 2057 495 2091 Μ
589 2060 607 2091 3
634 2053 702 2103 τὴν
727 2068 794 2093 om.
821 2056 1074 2092 FLAMVWE
1146 2055 1354 2098 *ἰουδαιαν,
1382 2069 1428 2091 αν
1445 2067 1473 2091 s.
1492 2067 1537 2091 m.
1557 2059 1576 2090 2
1594 2056 1625 2090 L
1695 2057 1964 2105 *παρέβαλλεν

289 2113 320 2148 L
346 2113 541 2161 παρέλαβε
565 2115 662 2161 (-βεν
679 2113 740 2153 W)
764 2113 860 2148 F¹W
931 2113 1149 2159 *ioseppum
1174 2112 1245 2147 Lat
1328 2116 1349 2147 4
1373 2109 1505 2160 *παρὰ
1530 2112 1560 2147 F
1655 2117 1674 2148 5
1699 2116 1804 2160 γοῦν]
1828 2114 1907 2159 μὲν,
1920 2113 1962 2159 Ρ,

290 2169 335 2205 cf.
361 2169 443 2205 bell.
469 2168 548 2203 Iud.
689 2167 1113 2217 στρατοπαιδευόμενοσ
1137 2169 1166 2204 Ρ
1197 2166 1629 2215 στρατοπεδευσάμενοσ
1652 2165 1874 2207 FLAMVW

289 2222 576 2272 *ιῖποχρόντωσ
601 2226 639 2260 Μ
718 2228 738 2260 6
763 2221 995 2273 άργυρίσατο
1021 2226 1054 2261 V
1147 2230 1165 2261 7
1193 2223 1447 2273 *κατάφορον
1471 2226 1531 2261 PL
1602 2226 1762 2273 *λῆμμα1
1787 2225 1961 2275 τόλμημα

288 2282 510 2318 FLAMVW
532 2283 771 2329 pecuniarum
796 2284 958 2329 acceptio
983 2282 1054 2317 Lat
1158 2286 1177 2318 8
1202 2285 1309 2319 *τῶν
1333 2294 1401 2318 om.
1427 2283 1467 2317 M
1569 2283 1818 2321 *κατέλειπεν
1841 2284 1870 2320 P

290 2344 309 2376 9
334 2336 593 2386 ἐθεράπευσεν
623 2340 655 2373 Ε
840 2343 879 2374 10
905 2338 1120 2384 ἐπαμυνεῖν]
1154 2339 1312 2375 Dindorf
1331 2338 1536 2385 ἐπαμύνειν
1567 2339 1670 2375 codd.
1703 2340 1736 2375 E
1768 2340 1962 2377 adiuturos

287 2397 359 2432 Lat
432 2399 468 2431 11
496 2396 520 2431 i.
545 2405 654 2439 marg.
681 2393 738 2432 λς’
756 2395 786 2430 F
810 2395 869 2446 ις’
894 2396 924 2430 L
950 2393 1011 2441 κζ’
1036 2397 1068 2431 Ε
1093 2394 1255 2432 XXVII
1275 2396 1346 2431 Lat
1415 2397 1453 2434 δὲ
1470 2396 1503 2431 Ε
1591 2396 1685 2439 *εἰς]
1711 2396 1768 2434 εἰσ
1792 2394 1860 2445 τὴν
1883 2397 1917 2434 V

293 2456 331 2488 12
365 2450 631 2499 *συναγιοχιὺσ
656 2451 734 2486 PA¹
767 2450 1027 2500 συναγειοχώσ
1058 2453 1088 2488 L
1227 2455 1319 2488 *καὶ
1348 2463 1416 2488 om.
1447 2453 1479 2488 V
1622 2456 1661 2489 13
1689 2452 1752 2490 ἐπὶ
1782 2451 1864 2496 τὸν]
1895 2451 1962 2491 ἐπ’

288 2509 317 2544 F
321 2508 544 2544 LAMVWE
642 2512 682 2543 14
707 2509 745 2546 δὲ
770 2509 801 2544 Ε
872 2506 1015 2546 *αἱ-τῶι
1033 2510 1066 2543 Α
1135 2511 1354 2558 βρεντίδιοσ
1370 2509 1402 2543 V
1426 2511 1600 2556 βενδίδησ
1624 2510 1656 2544 Ε
1727 2510 1960 2555 πεισθέντες]

289 2577 357 2602 om.
376 2566 403 2600 P
429 2565 608 2612 compulsi
631 2565 702 2600 Lat
794 2567 965 2608 Δελλίου]
993 2565 1158 2601 Usserius
1183 2565 1332 2602 δελαίου
1349 2565 1376 2600 Ρ
1401 2567 1576 2613 βδελλίου
1601 2565 1737 2600 FLAM
1760 2566 1962 2614 βδελιόυΙῙ

288 2623 489 2671 fldem-[ovo
514 2622 560 2656 W
585 2622 718 2656 delium
742 2622 813 2657 Lat
934 2626 969 2657 15
995 2619 1064 2659 τὸν
1089 2622 1314 2669 πεμφθέντα
1339 2621 1493 2656 LAMW
1611 2625 1648 2656 17
1677 2623 1806 2659 Σίλων
1830 2620 1864 2659 δ’
1889 2634 1959 2660 om.

287 2680 358 2716 Lat
477 2681 515 2714 18
541 2676 731 2723 προϊόντι]
757 2679 787 2713 Ε
814 2675 1016 2726 προσιόντι
1041 2679 1163 2724 codd.;
1189 2679 1235 2715 cf.
1262 2679 1343 2714 bell.
1370 2679 1447 2713 Iud.
1539 2673 1636 2714 καθ’
1662 2676 1835 2726 ἑκάστην]
1859 2678 1959 2719 κατὰ

287 2740 415 2774 πᾶσαν
438 2735 659 2789 FLAMVW
730 2732 780 2782 *ἦ
806 2746 873 2771 om.
891 2735 1114 2771 FLAMVW
1186 2739 1226 2771 19
1251 2735 1552 2780 *προσετέθειτο
1579 2735 1608 2769 F
1634 2737 1910 2780 προσετείθετο
1927 2737 1959 2773 L

401 2794 551 2863 *ὡρμνὴτ
569 2815 601 2850 V
627 2811 822 2862 ὡρμηκότι
845 2815 900 2850 ed.
925 2825 979 2860 pr.
1099 2818 1139 2850 20
1165 2811 1229 2851 *δ’
1255 2810 1357 2862 αὐτῷ
1382 2815 1437 2850 ed.
1462 2825 1515 2860 pr.
1635 2812 1788 2859 μασάδα
1810 2815 1959 2853 LAWE

286 2870 463 2917 μασσάδα
488 2873 526 2908 Μ
551 2869 699 2919 μασάδη
723 2872 756 2907 V
780 2872 967 2907 masadam
990 2876 1054 2906 aut
1079 2871 1279 2907 messadam
1303 2871 1375 2906 Lat
1490 2867 1535 2926 τὸ
1561 2881 1589 2906 s.
1617 2870 1654 2904 M
1778 2875 1911 2917 σῶσαι,
1936 2885 1960 2910 σ

287 2931 383 2974 (post
407 2931 451 2969 ὦ)
475 2929 497 2963 i.
524 2939 594 2964 ras.
621 2929 652 2962 A
752 2931 793 2963 22
817 2926 910 2976 ἰόπη
933 2928 999 2963 FE
1025 2925 1152 2975 ἰώππη
1175 2928 1206 2963 L

1994 889 2034 924 10

1995 1229 2034 1263 15

1993 1566 2032 1601 20
