<?xml version="1.0" encoding="UTF-8"?>
<!DOCTYPE html PUBLIC "-//W3C//DTD XHTML 1.0 Transitional//EN"
    "http://www.w3.org/TR/xhtml1/DTD/xhtml1-transitional.dtd">
<html xmlns="http://www.w3.org/1999/xhtml" xml:lang="en" lang="en">
 <head>
  <title>
</title>
<meta http-equiv="Content-Type" content="text/html;charset=utf-8" />
  <meta name='ocr-system' content='tesseract 3.04.00' />
  <meta name='ocr-capabilities' content='ocr_page ocr_carea ocr_par ocr_line ocrx_word'/>
</head>
<body>
  <div class='ocr_page' id='page_1' title='image "./operajosephus03joseuoft/operajosephus03joseuoft_0204.png"; bbox 0 0 2107 3377; ppageno 0'>
   <div class='ocr_carea' id='block_1_1' title="bbox 281 157 1500 205">
    <p class='ocr_par' dir='ltr' id='par_1_1' title="bbox 281 157 1500 205">
     <span class='ocr_line' id='line_1_1' title="bbox 281 157 1500 205; baseline -0.001 -10"><span class='ocrx_word' id='word_1_1' title='bbox 281 157 362 195; x_wconf 85' lang='lat'><em>132</em></span> <span class='ocrx_word' id='word_1_2' title='bbox 716 157 878 204; x_wconf 75' lang='lat' dir='ltr'><strong>ANTIQ.</strong></span> <span class='ocrx_word' id='word_1_3' title='bbox 903 158 1001 194; x_wconf 89' lang='lat' dir='ltr'><em>IUD.</em></span> <span class='ocrx_word' id='word_1_4' title='bbox 1026 158 1096 194; x_wconf 84' lang='lat' dir='ltr'><em>XII</em></span> <span class='ocrx_word' id='word_1_5' title='bbox 1120 161 1300 195; x_wconf 80' lang='lat'>343—349</span> <span class='ocrx_word' id='word_1_6' title='bbox 1324 161 1408 204; x_wconf 82' lang='lat' dir='ltr'><em>(vm.</em></span> <span class='ocrx_word' id='word_1_7' title='bbox 1424 168 1452 194; x_wconf 84' lang='lat'><em>4.</em></span> <span class='ocrx_word' id='word_1_8' title='bbox 1469 165 1500 205; x_wconf 83' lang='lat'><em>5)</em></span> 
     </span>
    </p>
   </div>
   <div class='ocr_carea' id='block_1_2' title="bbox 162 270 1949 1981">
    <p class='ocr_par' dir='ltr' id='par_1_2' title="bbox 162 270 1949 1960">
     <span class='ocr_line' id='line_1_2' title="bbox 278 270 1945 330; baseline 0.004 -17"><span class='ocrx_word' id='word_1_9' title='bbox 278 270 468 325; x_wconf 89' lang='grc' dir='ltr'><em>σάμενος</em></span> <span class='ocrx_word' id='word_1_10' title='bbox 498 270 574 314; x_wconf 85' lang='grc' dir='ltr'><em>τὸν</em></span> <span class='ocrx_word' id='word_1_11' title='bbox 602 275 841 327; x_wconf 86' lang='grc' dir='ltr'><em>χείμαρρον</em></span> <span class='ocrx_word' id='word_1_12' title='bbox 873 271 1114 315; x_wconf 75' lang='grc' dir='ltr'><em>ἐπιπίπτει</em></span> <span class='ocrx_word' id='word_1_13' title='bbox 1143 281 1238 323; x_wconf 91' lang='grc' dir='ltr'><em>τοῖς</em></span> <span class='ocrx_word' id='word_1_14' title='bbox 1269 272 1448 329; x_wconf 76' lang='grc' dir='ltr'><em>ἐχθροῖς</em></span> <span class='ocrx_word' id='word_1_15' title='bbox 1477 274 1674 325; x_wconf 74' lang='grc' dir='ltr'><em>καὶτοὺς</em></span> <span class='ocrx_word' id='word_1_16' title='bbox 1694 275 1773 330; x_wconf 84' lang='grc' dir='ltr'><em>μὲν</em></span> <span class='ocrx_word' id='word_1_17' title='bbox 1801 275 1945 321; x_wconf 73' lang='grc' dir='ltr'><em>αὐτῶν</em></span> 
     </span>
     <span class='ocr_line' id='line_1_3' title="bbox 276 334 1946 400; baseline 0.004 -19"><span class='ocrx_word' id='word_1_18' title='bbox 276 335 628 391; x_wconf 75' lang='grc' dir='ltr'><em>ὑπαντιάζοντας</em></span> <span class='ocrx_word' id='word_1_19' title='bbox 659 334 824 395; x_wconf 70' lang='grc' dir='ltr'><em>ἀνῄρει,</em></span> <span class='ocrx_word' id='word_1_20' title='bbox 855 338 958 390; x_wconf 75' lang='grc' dir='ltr'><em>τοὺς</em></span> <span class='ocrx_word' id='word_1_21' title='bbox 990 334 1030 382; x_wconf 75' lang='grc' dir='ltr'><em>δ’</em></span> <span class='ocrx_word' id='word_1_22' title='bbox 1059 339 1122 391; x_wconf 83' lang='grc' dir='ltr'><em>εἷς</em></span> <span class='ocrx_word' id='word_1_23' title='bbox 1143 341 1240 392; x_wconf 90' lang='grc' dir='ltr'><em>δέος</em></span> <span class='ocrx_word' id='word_1_24' title='bbox 1262 340 1466 396; x_wconf 75' lang='grc' dir='ltr'><em>ἐμβαλών</em></span> <span class='ocrx_word' id='word_1_25' title='bbox 1488 343 1710 400; x_wconf 82' lang='grc' dir='ltr'><em>ῥίψαντας</em></span> <span class='ocrx_word' id='word_1_26' title='bbox 1738 342 1795 386; x_wconf 87' lang='grc' dir='ltr'><em>τὰ</em></span> <span class='ocrx_word' id='word_1_27' title='bbox 1825 338 1946 387; x_wconf 72' lang='grc' dir='ltr'><em>ὅπλα</em></span> 
     </span>
     <span class='ocr_line' id='line_1_4' title="bbox 165 403 1944 466; baseline 0.002 -15"><span class='ocrx_word' id='word_1_28' title='bbox 165 411 248 452; x_wconf 89' lang='grc'><em>344</em></span> <span class='ocrx_word' id='word_1_29' title='bbox 276 406 456 464; x_wconf 78' lang='grc' dir='ltr'><em>φεύγειν</em></span> <span class='ocrx_word' id='word_1_30' title='bbox 487 403 742 464; x_wconf 79' lang='grc' dir='ltr'><em>ἠνάγκασεν.</em></span> <span class='ocrx_word' id='word_1_31' title='bbox 801 409 876 450; x_wconf 85' lang='grc' dir='ltr'><em>καὶ</em></span> <span class='ocrx_word' id='word_1_32' title='bbox 913 407 1029 458; x_wconf 80' lang='grc' dir='ltr'><em>τινὲς</em></span> <span class='ocrx_word' id='word_1_33' title='bbox 1068 408 1148 462; x_wconf 82' lang='grc' dir='ltr'><em>μὲν</em></span> <span class='ocrx_word' id='word_1_34' title='bbox 1187 405 1330 452; x_wconf 77' lang='grc' dir='ltr'><em>αἰτῶν</em></span> <span class='ocrx_word' id='word_1_35' title='bbox 1366 409 1616 466; x_wconf 79' lang='grc' dir='ltr'><em>διέδρασαν,</em></span> <span class='ocrx_word' id='word_1_36' title='bbox 1657 411 1700 453; x_wconf 80' lang='grc' dir='ltr'><em>οἱ</em></span> <span class='ocrx_word' id='word_1_37' title='bbox 1731 407 1775 453; x_wconf 69' lang='grc' dir='ltr'><em>δ’</em></span> <span class='ocrx_word' id='word_1_38' title='bbox 1802 411 1866 462; x_wconf 81' lang='grc' dir='ltr'><em>εἷς</em></span> <span class='ocrx_word' id='word_1_39' title='bbox 1893 411 1944 456; x_wconf 85' lang='grc' dir='ltr'><em>τὸ</em></span> 
     </span>
     <span class='ocr_line' id='line_1_5' title="bbox 275 473 1947 534; baseline 0.004 -18"><span class='ocrx_word' id='word_1_40' title='bbox 275 474 543 529; x_wconf 82' lang='grc' dir='ltr'><em>καλούμενον</em></span> <span class='ocrx_word' id='word_1_41' title='bbox 575 473 785 531; x_wconf 76' lang='grc' dir='ltr'><em>ἐγκρανὰς</em></span> <span class='ocrx_word' id='word_1_42' title='bbox 821 478 1001 530; x_wconf 83' lang='grc' dir='ltr'><em>τέμενος</em></span> <span class='ocrx_word' id='word_1_43' title='bbox 1032 476 1333 533; x_wconf 77' lang='grc' dir='ltr'><em>συμφυγόντες</em></span> <span class='ocrx_word' id='word_1_44' title='bbox 1363 473 1559 534; x_wconf 80' lang='grc' dir='ltr'><em>ἤλπισαν</em></span> <span class='ocrx_word' id='word_1_45' title='bbox 1588 477 1829 528; x_wconf 79' lang='grc' dir='ltr'><em>τεύξεσθαι</em></span> <span class='ocrx_word' id='word_1_46' title='bbox 1858 494 1947 522; x_wconf 89' lang='grc' dir='ltr'><em>σω-</em></span> 
     </span>
     <span class='ocr_line' id='line_1_6' title="bbox 274 538 1948 600; baseline 0.003 -15"><span class='ocrx_word' id='word_1_47' title='bbox 274 546 443 600; x_wconf 88' lang='grc' dir='ltr'><em>τηρίας.</em></span> <span class='ocrx_word' id='word_1_48' title='bbox 490 538 656 592; x_wconf 78' lang='grc' dir='ltr'><em>Ἰούδας</em></span> <span class='ocrx_word' id='word_1_49' title='bbox 687 541 734 584; x_wconf 81' lang='grc' dir='ltr'><em>δὲ</em></span> <span class='ocrx_word' id='word_1_50' title='bbox 763 541 842 600; x_wconf 80' lang='grc' dir='ltr'><em>τὴν</em></span> <span class='ocrx_word' id='word_1_51' title='bbox 872 542 1007 587; x_wconf 90' lang='grc' dir='ltr'><em>πόλιν</em></span> <span class='ocrx_word' id='word_1_52' title='bbox 1037 543 1396 599; x_wconf 82' lang='grc' dir='ltr'><em>καταλαβόμενος</em></span> <span class='ocrx_word' id='word_1_53' title='bbox 1428 540 1585 596; x_wconf 68' lang='grc' dir='ltr'><em>αὐτούς</em></span> <span class='ocrx_word' id='word_1_54' title='bbox 1613 561 1662 588; x_wconf 90' lang='grc' dir='ltr'><em>τε</em></span> <span class='ocrx_word' id='word_1_55' title='bbox 1693 541 1948 590; x_wconf 73' lang='grc' dir='ltr'><em>ἀπέκτεινεν</em></span> 
     </span>
     <span class='ocr_line' id='line_1_7' title="bbox 275 608 1949 671; baseline 0.003 -18"><span class='ocrx_word' id='word_1_56' title='bbox 275 612 349 653; x_wconf 87' lang='grc' dir='ltr'><em>καὶ</em></span> <span class='ocrx_word' id='word_1_57' title='bbox 383 609 433 653; x_wconf 84' lang='grc' dir='ltr'><em>τὸ</em></span> <span class='ocrx_word' id='word_1_58' title='bbox 473 613 653 664; x_wconf 87' lang='grc' dir='ltr'><em>τέμενος</em></span> <span class='ocrx_word' id='word_1_59' title='bbox 691 608 930 667; x_wconf 75' lang='grc' dir='ltr'><em>ἐνέπρησεν</em></span> <span class='ocrx_word' id='word_1_60' title='bbox 968 612 1147 669; x_wconf 79' lang='grc' dir='ltr'><em>ποικίλῃ</em></span> <span class='ocrx_word' id='word_1_61' title='bbox 1180 612 1455 669; x_wconf 82' lang='grc' dir='ltr'><em>χρησάμενος</em></span> <span class='ocrx_word' id='word_1_62' title='bbox 1486 612 1584 670; x_wconf 77' lang='grc' dir='ltr'><em>ἰδέᾳ</em></span> <span class='ocrx_word' id='word_1_63' title='bbox 1611 615 1689 671; x_wconf 85' lang='grc' dir='ltr'><em>τῆς</em></span> <span class='ocrx_word' id='word_1_64' title='bbox 1719 609 1949 666; x_wconf 72' lang='grc' dir='ltr'><em>ἀπωλείας</em></span> 
     </span>
     <span class='ocr_line' id='line_1_8' title="bbox 274 678 636 732; baseline 0 -12"><span class='ocrx_word' id='word_1_65' title='bbox 274 679 363 721; x_wconf 77' lang='grc' dir='ltr'><em>τῶν</em></span> <span class='ocrx_word' id='word_1_66' title='bbox 394 678 636 732; x_wconf 83' lang='grc' dir='ltr'><em>πολεμίων.</em></span> 
     </span>
     <span class='ocr_line' id='line_1_9' title="bbox 164 745 1949 828; baseline 0.002 -39"><span class='ocrx_word' id='word_1_67' title='bbox 164 749 246 790; x_wconf 86' lang='grc'><em>345</em></span> <span class='ocrx_word' id='word_1_68' title='bbox 395 750 432 788; x_wconf 94' lang='lat'><em>5.</em></span> <span class='ocrx_word' id='word_1_69' title='bbox 470 747 620 788; x_wconf 78' lang='grc' dir='ltr'><em>Ταῦτα</em></span> <span class='ocrx_word' id='word_1_70' title='bbox 651 745 1011 801; x_wconf 81' lang='grc' dir='ltr'><em>διαπραξάμενος</em></span> <span class='ocrx_word' id='word_1_71' title='bbox 1050 749 1123 790; x_wconf 84' lang='grc' dir='ltr'><em>καὶ</em></span> <span class='ocrx_word' id='word_1_72' title='bbox 1155 747 1409 804; x_wconf 78' lang='grc' dir='ltr'><em>συναγαγών</em></span> <span class='ocrx_word' id='word_1_73' title='bbox 1438 747 1542 828; x_wconf 52' lang='lat' dir='ltr'><em>votivg</em></span> <span class='ocrx_word' id='word_1_74' title='bbox 1573 747 1617 791; x_wconf 84' lang='lat'><em>57</em></span> <span class='ocrx_word' id='word_1_75' title='bbox 1646 750 1700 805; x_wconf 83' lang='grc' dir='ltr'><em>τῇ</em></span> <span class='ocrx_word' id='word_1_76' title='bbox 1731 748 1949 794; x_wconf 83' lang='grc' dir='ltr'><em>Γαλάτιδι</em></span> 
     </span>
     <span class='ocr_line' id='line_1_10' title="bbox 269 808 1948 874; baseline 0.003 -19.024"><span class='ocrx_word' id='word_1_77' title='bbox 269 808 512 863; x_wconf 79' lang='grc' dir='ltr'><em>Ἰουδαίους</em></span> <span class='ocrx_word' id='word_1_78' title='bbox 549 811 662 868; x_wconf 82' lang='grc' dir='ltr'><em>μετὰ</em></span> <span class='ocrx_word' id='word_1_79' title='bbox 701 815 861 856; x_wconf 87' lang='grc' dir='ltr'><em>τέκνων</em></span> <span class='ocrx_word' id='word_1_80' title='bbox 900 816 974 858; x_wconf 84' lang='grc' dir='ltr'><em>καὶ</em></span> <span class='ocrx_word' id='word_1_81' title='bbox 1012 818 1228 870; x_wconf 81' lang='grc' dir='ltr'><em>γυναικῶν</em></span> <span class='ocrx_word' id='word_1_82' title='bbox 1269 818 1342 859; x_wconf 84' lang='grc' dir='ltr'><em>καὶ</em></span> <span class='ocrx_word' id='word_1_83' title='bbox 1374 832 1451 872; x_wconf 78' lang='grc' dir='ltr'><em>της</em></span> <span class='ocrx_word' id='word_1_84' title='bbox 1480 812 1519 859; x_wconf 72' lang='grc' dir='ltr'><em>ἱ·</em></span> <span class='ocrx_word' id='word_1_85' title='bbox 1509 815 1764 874; x_wconf 78' lang='grc' dir='ltr'><em>ταρχούσης</em></span> <span class='ocrx_word' id='word_1_86' title='bbox 1795 812 1948 868; x_wconf 74' lang='grc' dir='ltr'><em>αὐτοῖς</em></span> 
     </span>
     <span class='ocr_line' id='line_1_11' title="bbox 163 872 1948 943; baseline 0.001 -17"><span class='ocrx_word' id='word_1_87' title='bbox 163 885 245 926; x_wconf 86' lang='grc'><em>346</em></span> <span class='ocrx_word' id='word_1_88' title='bbox 278 875 529 938; x_wconf 71' lang='grc' dir='ltr'><em>ἀποσκευῆς</em></span> <span class='ocrx_word' id='word_1_89' title='bbox 569 880 663 932; x_wconf 84' lang='grc' dir='ltr'><em>οἷός</em></span> <span class='ocrx_word' id='word_1_90' title='bbox 699 898 748 924; x_wconf 92' lang='grc' dir='ltr'><em>τε</em></span> <span class='ocrx_word' id='word_1_91' title='bbox 786 872 839 939; x_wconf 75' lang='grc' dir='ltr'><em>ἦν</em></span> <span class='ocrx_word' id='word_1_92' title='bbox 879 899 942 933; x_wconf 88' lang='grc' dir='ltr'><em>εις</em></span> <span class='ocrx_word' id='word_1_93' title='bbox 972 881 1049 939; x_wconf 81' lang='grc' dir='ltr'><em>τὴν</em></span> <span class='ocrx_word' id='word_1_94' title='bbox 1075 878 1292 927; x_wconf 87' lang='grc' dir='ltr'><em>Ιοιδαίαν</em></span> <span class='ocrx_word' id='word_1_95' title='bbox 1324 883 1631 940; x_wconf 77' lang='grc' dir='ltr'><em>ἐπαναγαγεῖν.</em></span> <span class='ocrx_word' id='word_1_96' title='bbox 1691 881 1752 935; x_wconf 78' lang='grc' dir='ltr'><em>ὥς</em></span> <span class='ocrx_word' id='word_1_97' title='bbox 1782 880 1823 927; x_wconf 77' lang='grc' dir='ltr'><em>δ’</em></span> <span class='ocrx_word' id='word_1_98' title='bbox 1848 881 1948 943; x_wconf 82' lang='grc' dir='ltr'><em>ἧκεν</em></span> 
     </span>
     <span class='ocr_line' id='line_1_12' title="bbox 275 944 1948 1010; baseline 0.003 -19"><span class='ocrx_word' id='word_1_99' title='bbox 275 947 355 991; x_wconf 73' lang='grc' dir='ltr'><em>ἐπί</em></span> <span class='ocrx_word' id='word_1_100' title='bbox 391 965 490 992; x_wconf 91' lang='grc' dir='ltr'><em>τινα</em></span> <span class='ocrx_word' id='word_1_101' title='bbox 530 948 664 992; x_wconf 62' lang='grc' dir='ltr'><em>πόλιν</em></span> <span class='ocrx_word' id='word_1_102' title='bbox 697 944 902 1006; x_wconf 79' lang='grc' dir='ltr'><em>Εμφρων</em></span> <span class='ocrx_word' id='word_1_103' title='bbox 939 947 1081 1004; x_wconf 73' lang='grc' dir='ltr'><em>ὄνομα</em></span> <span class='ocrx_word' id='word_1_104' title='bbox 1120 950 1196 995; x_wconf 76' lang='grc' dir='ltr'><em>ἐπὶ</em></span> <span class='ocrx_word' id='word_1_105' title='bbox 1235 953 1312 1010; x_wconf 72' lang='grc' dir='ltr'><em>τῆς</em></span> <span class='ocrx_word' id='word_1_106' title='bbox 1350 949 1456 995; x_wconf 80' lang='grc' dir='ltr'><em>ὁδοῦ</em></span> <span class='ocrx_word' id='word_1_107' title='bbox 1494 955 1695 1009; x_wconf 83' lang='grc' dir='ltr'><em>κειμένην</em></span> <span class='ocrx_word' id='word_1_108' title='bbox 1733 954 1808 996; x_wconf 86' lang='grc' dir='ltr'><em>καὶ</em></span> <span class='ocrx_word' id='word_1_109' title='bbox 1847 950 1948 996; x_wconf 77' lang='grc' dir='ltr'><em>οἴτε</em></span> 
     </span>
     <span class='ocr_line' id='line_1_13' title="bbox 276 1012 1947 1079; baseline 0.004 -21"><span class='ocrx_word' id='word_1_110' title='bbox 276 1013 411 1074; x_wconf 86' lang='grc' dir='ltr'><em>άλλην</em></span> <span class='ocrx_word' id='word_1_111' title='bbox 444 1012 563 1073; x_wconf 76' lang='grc' dir='ltr'><em>αιτιῦ</em></span> <span class='ocrx_word' id='word_1_112' title='bbox 592 1034 688 1073; x_wconf 88' lang='grc' dir='ltr'><em>τρα</em></span> <span class='ocrx_word' id='word_1_113' title='bbox 688 1021 859 1074; x_wconf 85' lang='grc' dir='ltr'><em>τομένω</em></span> <span class='ocrx_word' id='word_1_114' title='bbox 889 1017 1086 1072; x_wconf 73' lang='grc' dir='ltr'><em>βαδίζειν</em></span> <span class='ocrx_word' id='word_1_115' title='bbox 1119 1018 1304 1062; x_wconf 84' lang='grc' dir='ltr'><em>δυνατὸν</em></span> <span class='ocrx_word' id='word_1_116' title='bbox 1324 1037 1376 1077; x_wconf 83' lang='grc' dir='ltr'><em>ην</em></span> <span class='ocrx_word' id='word_1_117' title='bbox 1399 1017 1499 1063; x_wconf 85' lang='grc' dir='ltr'><em>ου’τε</em></span> <span class='ocrx_word' id='word_1_118' title='bbox 1522 1015 1815 1079; x_wconf 75' lang='grc' dir='ltr'><em>ἀναστρέφειν</em></span> <span class='ocrx_word' id='word_1_119' title='bbox 1836 1017 1947 1078; x_wconf 83' lang='grc' dir='ltr'><em>ἤθε-</em></span> 
     </span>
     <span class='ocr_line' id='line_1_14' title="bbox 276 1081 1948 1142; baseline 0.004 -16"><span class='ocrx_word' id='word_1_120' title='bbox 276 1085 360 1137; x_wconf 91' lang='grc' dir='ltr'><em>λεν,</em></span> <span class='ocrx_word' id='word_1_121' title='bbox 402 1088 589 1140; x_wconf 81' lang='grc' dir='ltr'><em>πέμψας</em></span> <span class='ocrx_word' id='word_1_122' title='bbox 630 1084 746 1140; x_wconf 86' lang='grc' dir='ltr'><em>πρὸς</em></span> <span class='ocrx_word' id='word_1_123' title='bbox 775 1102 878 1136; x_wconf 86' lang='grc' dir='ltr'><em>τους</em></span> <span class='ocrx_word' id='word_1_124' title='bbox 909 1084 953 1128; x_wconf 75' lang='grc' dir='ltr'><em>ἓν</em></span> <span class='ocrx_word' id='word_1_125' title='bbox 985 1081 1095 1142; x_wconf 68' lang='grc' dir='ltr'><em>αὕτη</em></span> <span class='ocrx_word' id='word_1_126' title='bbox 1125 1085 1368 1142; x_wconf 83' lang='grc' dir='ltr'><em>παρεκάλει</em></span> <span class='ocrx_word' id='word_1_127' title='bbox 1398 1104 1478 1138; x_wconf 89' lang='grc' dir='ltr'><em>τας</em></span> <span class='ocrx_word' id='word_1_128' title='bbox 1510 1088 1654 1139; x_wconf 76' lang='grc' dir='ltr'><em>πύλας</em></span> <span class='ocrx_word' id='word_1_129' title='bbox 1685 1084 1948 1140; x_wconf 74' lang='grc' dir='ltr'><em>ἀνοίξαντας</em></span> 
     </span>
     <span class='ocr_line' id='line_1_15' title="bbox 276 1148 1948 1213; baseline 0.003 -19"><span class='ocrx_word' id='word_1_130' title='bbox 276 1151 535 1208; x_wconf 74' lang='grc' dir='ltr'><em>ἐπιτρέπειν</em></span> <span class='ocrx_word' id='word_1_131' title='bbox 573 1148 692 1208; x_wconf 71' lang='grc' dir='ltr'><em>αὐτῷ</em></span> <span class='ocrx_word' id='word_1_132' title='bbox 733 1152 808 1195; x_wconf 86' lang='grc' dir='ltr'><em>διὰ</em></span> <span class='ocrx_word' id='word_1_133' title='bbox 845 1155 924 1211; x_wconf 83' lang='grc' dir='ltr'><em>τῆς</em></span> <span class='ocrx_word' id='word_1_134' title='bbox 969 1153 1144 1204; x_wconf 90' lang='grc' dir='ltr'><em>πόλεως</em></span> <span class='ocrx_word' id='word_1_135' title='bbox 1188 1149 1429 1197; x_wconf 83' lang='grc' dir='ltr'><em>ἆπελθεῖν·</em></span> <span class='ocrx_word' id='word_1_136' title='bbox 1475 1155 1555 1206; x_wconf 91' lang='grc' dir='ltr'><em>τάς</em></span> <span class='ocrx_word' id='word_1_137' title='bbox 1595 1172 1642 1198; x_wconf 85' lang='grc' dir='ltr'><em>τε</em></span> <span class='ocrx_word' id='word_1_138' title='bbox 1678 1155 1761 1213; x_wconf 81' lang='grc' dir='ltr'><em>γὰρ</em></span> <span class='ocrx_word' id='word_1_139' title='bbox 1800 1156 1948 1208; x_wconf 84' lang='grc' dir='ltr'><em>πύλας</em></span> 
     </span>
     <span class='ocr_line' id='line_1_16' title="bbox 162 1218 1949 1283; baseline 0.003 -19"><span class='ocrx_word' id='word_1_140' title='bbox 162 1226 242 1266; x_wconf 84' lang='grc'><em>347</em></span> <span class='ocrx_word' id='word_1_141' title='bbox 276 1220 427 1270; x_wconf 85' lang='grc' dir='ltr'><em>λίθοις</em></span> <span class='ocrx_word' id='word_1_142' title='bbox 472 1220 814 1278; x_wconf 76' lang='grc' dir='ltr'><em>ἐμπεφράκεσαν</em></span> <span class='ocrx_word' id='word_1_143' title='bbox 852 1223 926 1264; x_wconf 85' lang='grc' dir='ltr'><em>καὶ</em></span> <span class='ocrx_word' id='word_1_144' title='bbox 966 1220 1044 1279; x_wconf 83' lang='grc' dir='ltr'><em>τὴν</em></span> <span class='ocrx_word' id='word_1_145' title='bbox 1084 1221 1283 1272; x_wconf 81' lang='grc' dir='ltr'><em>διέξοδον</em></span> <span class='ocrx_word' id='word_1_146' title='bbox 1322 1218 1611 1278; x_wconf 73' lang='grc' dir='ltr'><em>ἀπετέμοντο.</em></span> <span class='ocrx_word' id='word_1_147' title='bbox 1678 1223 1736 1283; x_wconf 84' lang='grc' dir='ltr'><em>μὴ</em></span> <span class='ocrx_word' id='word_1_148' title='bbox 1783 1228 1949 1269; x_wconf 88' lang='grc' dir='ltr'><em>πειθο-</em></span> 
     </span>
     <span class='ocr_line' id='line_1_17' title="bbox 272 1284 1948 1348; baseline 0.004 -18"><span class='ocrx_word' id='word_1_149' title='bbox 272 1290 415 1342; x_wconf 87' lang='grc' dir='ltr'><em>μένων</em></span> <span class='ocrx_word' id='word_1_150' title='bbox 448 1288 495 1330; x_wconf 80' lang='grc' dir='ltr'><em>δὲ</em></span> <span class='ocrx_word' id='word_1_151' title='bbox 525 1290 613 1331; x_wconf 72' lang='grc' dir='ltr'><em>τῶν</em></span> <span class='ocrx_word' id='word_1_152' title='bbox 640 1284 892 1346; x_wconf 85' lang='grc' dir='ltr'><em>Έιιφραίων</em></span> <span class='ocrx_word' id='word_1_153' title='bbox 932 1289 1228 1348; x_wconf 86' lang='grc' dir='ltr'><em>παρορμήσας</em></span> <span class='ocrx_word' id='word_1_154' title='bbox 1266 1307 1368 1341; x_wconf 90' lang='grc' dir='ltr'><em>τους</em></span> <span class='ocrx_word' id='word_1_155' title='bbox 1398 1286 1509 1346; x_wconf 71' lang='grc' dir='ltr'><em>μεθ’</em></span> <span class='ocrx_word' id='word_1_156' title='bbox 1536 1291 1694 1334; x_wconf 85' lang='grc' dir='ltr'><em>εαυτοῦ</em></span> <span class='ocrx_word' id='word_1_157' title='bbox 1723 1293 1948 1336; x_wconf 87' lang='grc' dir='ltr'><em>κυκλωσά-</em></span> 
     </span>
     <span class='ocr_line' id='line_1_18' title="bbox 272 1353 1949 1439; baseline 0.005 -42"><span class='ocrx_word' id='word_1_158' title='bbox 272 1371 403 1409; x_wconf 89' lang='grc' dir='ltr'><em>μενος</em></span> <span class='ocrx_word' id='word_1_159' title='bbox 434 1354 714 1439; x_wconf 76' lang='grc' dir='ltr'><em>ἐπολιόρκει,</em></span> <span class='ocrx_word' id='word_1_160' title='bbox 732 1358 804 1400; x_wconf 80' lang='grc' dir='ltr'><em>καὶ</em></span> <span class='ocrx_word' id='word_1_161' title='bbox 837 1353 898 1400; x_wconf 90' lang='grc' dir='ltr'><em>δι</em></span> <span class='ocrx_word' id='word_1_162' title='bbox 922 1354 1089 1413; x_wconf 85' lang='grc' dir='ltr'><em>ἡμέρας</em></span> <span class='ocrx_word' id='word_1_163' title='bbox 1126 1359 1201 1401; x_wconf 83' lang='grc' dir='ltr'><em>καὶ</em></span> <span class='ocrx_word' id='word_1_164' title='bbox 1241 1357 1394 1409; x_wconf 60' lang='grc' dir='ltr'><em>νυκτὸς</em></span> <span class='ocrx_word' id='word_1_165' title='bbox 1428 1363 1744 1415; x_wconf 73' lang='grc' dir='ltr'><em>προσκαθίσας</em></span> <span class='ocrx_word' id='word_1_166' title='bbox 1783 1360 1949 1417; x_wconf 79' lang='grc' dir='ltr'><em>ἐξαιρεῖ</em></span> 
     </span>
     <span class='ocr_line' id='line_1_19' title="bbox 271 1419 1947 1485; baseline 0.004 -20"><span class='ocrx_word' id='word_1_167' title='bbox 271 1422 350 1480; x_wconf 78' lang='grc' dir='ltr'><em>τὴν</em></span> <span class='ocrx_word' id='word_1_168' title='bbox 380 1419 515 1466; x_wconf 85' lang='grc' dir='ltr'><em>πόλιν</em></span> <span class='ocrx_word' id='word_1_169' title='bbox 544 1425 618 1467; x_wconf 85' lang='grc' dir='ltr'><em>καὶ</em></span> <span class='ocrx_word' id='word_1_170' title='bbox 648 1426 740 1467; x_wconf 81' lang='grc' dir='ltr'><em>πᾶν</em></span> <span class='ocrx_word' id='word_1_171' title='bbox 771 1419 876 1468; x_wconf 90' lang='grc' dir='ltr'><em>όσον</em></span> <span class='ocrx_word' id='word_1_172' title='bbox 908 1422 1038 1481; x_wconf 90' lang='grc' dir='ltr'><em>α’ρρεν</em></span> <span class='ocrx_word' id='word_1_173' title='bbox 1068 1424 1120 1483; x_wconf 77' lang='grc' dir='ltr'><em>ἠν</em></span> <span class='ocrx_word' id='word_1_174' title='bbox 1147 1425 1193 1469; x_wconf 78' lang='grc' dir='ltr'><em>ὲν</em></span> <span class='ocrx_word' id='word_1_175' title='bbox 1218 1421 1330 1483; x_wconf 73' lang='grc' dir='ltr'><em>αυτῆ</em></span> <span class='ocrx_word' id='word_1_176' title='bbox 1360 1431 1532 1478; x_wconf 85' lang='grc' dir='ltr'><em>κτείνας</em></span> <span class='ocrx_word' id='word_1_177' title='bbox 1561 1429 1634 1471; x_wconf 82' lang='grc' dir='ltr'><em>καὶ</em></span> <span class='ocrx_word' id='word_1_178' title='bbox 1656 1444 1947 1485; x_wconf 84' lang='grc' dir='ltr'><em>καταπρησας</em></span> 
     </span>
     <span class='ocr_line' id='line_1_20' title="bbox 274 1485 1947 1553; baseline 0.004 -20"><span class='ocrx_word' id='word_1_179' title='bbox 274 1485 314 1533; x_wconf 88' lang='grc' dir='ltr'><em>α’</em></span> <span class='ocrx_word' id='word_1_180' title='bbox 306 1507 456 1534; x_wconf 77' lang='grc' dir='ltr'><em>τασαν</em></span> <span class='ocrx_word' id='word_1_181' title='bbox 489 1510 623 1550; x_wconf 79' lang='grc' dir='ltr'><em>αυτην</em></span> <span class='ocrx_word' id='word_1_182' title='bbox 655 1489 761 1535; x_wconf 84' lang='grc' dir='ltr'><em>οδόν</em></span> <span class='ocrx_word' id='word_1_183' title='bbox 797 1492 942 1547; x_wconf 73' lang='grc' dir='ltr'><em>ἔσχεν·</em></span> <span class='ocrx_word' id='word_1_184' title='bbox 983 1496 1197 1537; x_wconf 83' lang='grc' dir='ltr'><em>τοσοῦτον</em></span> <span class='ocrx_word' id='word_1_185' title='bbox 1237 1490 1279 1537; x_wconf 71' lang='grc' dir='ltr'><em>δ’</em></span> <span class='ocrx_word' id='word_1_186' title='bbox 1304 1493 1356 1550; x_wconf 76' lang='grc' dir='ltr'><em>ἦν</em></span> <span class='ocrx_word' id='word_1_187' title='bbox 1394 1494 1444 1539; x_wconf 85' lang='grc' dir='ltr'><em>τὸ</em></span> <span class='ocrx_word' id='word_1_188' title='bbox 1485 1498 1572 1539; x_wconf 80' lang='grc' dir='ltr'><em>τῶν</em></span> <span class='ocrx_word' id='word_1_189' title='bbox 1604 1499 1947 1553; x_wconf 83' lang='grc' dir='ltr'><em>πεφονευμένων</em></span> 
     </span>
     <span class='ocr_line' id='line_1_21' title="bbox 163 1556 1948 1620; baseline 0.001 -15"><span class='ocrx_word' id='word_1_190' title='bbox 163 1563 243 1605; x_wconf 87' lang='grc'><em>348</em></span> <span class='ocrx_word' id='word_1_191' title='bbox 275 1559 476 1617; x_wconf 79' lang='grc' dir='ltr'><em>πλῆθος,</em></span> <span class='ocrx_word' id='word_1_192' title='bbox 518 1557 578 1611; x_wconf 77' lang='grc' dir='ltr'><em>ὡς</em></span> <span class='ocrx_word' id='word_1_193' title='bbox 618 1556 692 1603; x_wconf 75' lang='grc' dir='ltr'><em>ἐπ</em></span> <span class='ocrx_word' id='word_1_194' title='bbox 721 1559 866 1603; x_wconf 77' lang='grc' dir='ltr'><em>αὐτῶν</em></span> <span class='ocrx_word' id='word_1_195' title='bbox 903 1561 1100 1616; x_wconf 76' lang='grc' dir='ltr'><em>βαδίζειν</em></span> <span class='ocrx_word' id='word_1_196' title='bbox 1138 1564 1226 1605; x_wconf 82' lang='grc' dir='ltr'><em>τῶν</em></span> <span class='ocrx_word' id='word_1_197' title='bbox 1266 1566 1440 1620; x_wconf 80' lang='grc' dir='ltr'><em>νεκρῶν.</em></span> <span class='ocrx_word' id='word_1_198' title='bbox 1511 1564 1745 1619; x_wconf 83' lang='grc' dir='ltr'><em>διαβάντες</em></span> <span class='ocrx_word' id='word_1_199' title='bbox 1786 1563 1833 1607; x_wconf 85' lang='grc' dir='ltr'><em>δὲ</em></span> <span class='ocrx_word' id='word_1_200' title='bbox 1870 1562 1948 1608; x_wconf 83' lang='grc' dir='ltr'><em>τὸν</em></span> 
     </span>
     <span class='ocr_line' id='line_1_22' title="bbox 268 1622 1948 1688; baseline 0.003 -17"><span class='ocrx_word' id='word_1_201' title='bbox 268 1622 492 1684; x_wconf 77' lang='grc' dir='ltr'><em>Ἰορδάνην</em></span> <span class='ocrx_word' id='word_1_202' title='bbox 522 1623 625 1686; x_wconf 75' lang='grc' dir='ltr'><em>ἧκον</em></span> <span class='ocrx_word' id='word_1_203' title='bbox 657 1628 720 1679; x_wconf 82' lang='grc' dir='ltr'><em>εἷς</em></span> <span class='ocrx_word' id='word_1_204' title='bbox 751 1628 800 1672; x_wconf 83' lang='grc' dir='ltr'><em>τὸ</em></span> <span class='ocrx_word' id='word_1_205' title='bbox 833 1633 945 1686; x_wconf 87' lang='grc' dir='ltr'><em>μέγα</em></span> <span class='ocrx_word' id='word_1_206' title='bbox 977 1630 1146 1683; x_wconf 78' lang='grc' dir='ltr'><em>πεδίον,</em></span> <span class='ocrx_word' id='word_1_207' title='bbox 1180 1626 1230 1674; x_wconf 74' lang='grc' dir='ltr'><em>οἷ·</em></span> <span class='ocrx_word' id='word_1_208' title='bbox 1251 1640 1393 1675; x_wconf 83' lang='grc' dir='ltr'><em>κεῖται</em></span> <span class='ocrx_word' id='word_1_209' title='bbox 1413 1631 1523 1675; x_wconf 83' lang='grc' dir='ltr'><em>κατὰ</em></span> <span class='ocrx_word' id='word_1_210' title='bbox 1545 1631 1794 1688; x_wconf 89' lang='grc' dir='ltr'><em>πρόσωπον</em></span> <span class='ocrx_word' id='word_1_211' title='bbox 1814 1631 1948 1683; x_wconf 89' lang='grc' dir='ltr'><em>πόλις</em></span> 
     </span>
     <span class='ocr_line' id='line_1_23' title="bbox 163 1694 1947 1758; baseline 0.003 -21"><span class='ocrx_word' id='word_1_212' title='bbox 163 1700 244 1741; x_wconf 86' lang='grc'><em>349</em></span> <span class='ocrx_word' id='word_1_213' title='bbox 275 1694 486 1754; x_wconf 89' lang='grc' dir='ltr'><em>Βεθσάνη</em></span> <span class='ocrx_word' id='word_1_214' title='bbox 525 1698 770 1754; x_wconf 78' lang='grc' dir='ltr'><em>καλουμένη</em></span> <span class='ocrx_word' id='word_1_215' title='bbox 812 1696 927 1753; x_wconf 86' lang='grc' dir='ltr'><em>πρὸς</em></span> <span class='ocrx_word' id='word_1_216' title='bbox 953 1695 1165 1755; x_wconf 78' lang='grc' dir='ltr'><em>Ἑλλήνιον</em></span> <span class='ocrx_word' id='word_1_217' title='bbox 1203 1699 1502 1750; x_wconf 77' lang='grc' dir='ltr'><em>Σκυθόπολις.</em></span> <span class='ocrx_word' id='word_1_218' title='bbox 1562 1698 1768 1743; x_wconf 80' lang='grc' dir='ltr'><em>κάκεῖθεν</em></span> <span class='ocrx_word' id='word_1_219' title='bbox 1807 1697 1947 1758; x_wconf 81' lang='grc' dir='ltr'><em>ὁρμη-</em></span> 
     </span>
     <span class='ocr_line' id='line_1_24' title="bbox 273 1760 1948 1847; baseline 0.004 -43"><span class='ocrx_word' id='word_1_220' title='bbox 273 1765 430 1814; x_wconf 89' lang='grc' dir='ltr'><em>θέντες</em></span> <span class='ocrx_word' id='word_1_221' title='bbox 462 1763 525 1814; x_wconf 81' lang='grc' dir='ltr'><em>εἷς</em></span> <span class='ocrx_word' id='word_1_222' title='bbox 554 1763 633 1820; x_wconf 80' lang='grc' dir='ltr'><em>τὴν</em></span> <span class='ocrx_word' id='word_1_223' title='bbox 660 1760 877 1808; x_wconf 83' lang='grc' dir='ltr'><em>Ἰουδαίαν</em></span> <span class='ocrx_word' id='word_1_224' title='bbox 909 1769 1204 1822; x_wconf 87' lang='grc' dir='ltr'><em>παρεγένοντο</em></span> <span class='ocrx_word' id='word_1_225' title='bbox 1238 1767 1485 1847; x_wconf 82' lang='grc' dir='ltr'><em>ψάλλοντές</em></span> <span class='ocrx_word' id='word_1_226' title='bbox 1521 1784 1570 1810; x_wconf 88' lang='grc' dir='ltr'><em>τε</em></span> <span class='ocrx_word' id='word_1_227' title='bbox 1609 1769 1680 1811; x_wconf 87' lang='grc' dir='ltr'><em>καὶ</em></span> <span class='ocrx_word' id='word_1_228' title='bbox 1711 1765 1948 1822; x_wconf 72' lang='grc' dir='ltr'><em>ὑμνοῦντες</em></span> 
     </span>
     <span class='ocr_line' id='line_1_25' title="bbox 273 1831 1948 1891; baseline 0.003 -18.003"><span class='ocrx_word' id='word_1_229' title='bbox 273 1832 346 1874; x_wconf 84' lang='grc' dir='ltr'><em>καὶ</em></span> <span class='ocrx_word' id='word_1_230' title='bbox 385 1831 466 1881; x_wconf 81' lang='grc' dir='ltr'><em>τὰς</em></span> <span class='ocrx_word' id='word_1_231' title='bbox 497 1832 708 1890; x_wconf 77' lang='grc' dir='ltr'><em>συνηθεις</em></span> <span class='ocrx_word' id='word_1_232' title='bbox 739 1832 783 1874; x_wconf 77' lang='grc' dir='ltr'><em>ἐν</em></span> <span class='ocrx_word' id='word_1_233' title='bbox 814 1842 908 1884; x_wconf 88' lang='grc' dir='ltr'><em>τοῖς</em></span> <span class='ocrx_word' id='word_1_234' title='bbox 946 1833 1183 1884; x_wconf 76' lang='grc' dir='ltr'><em>ἐπινικίοις</em></span> <span class='ocrx_word' id='word_1_235' title='bbox 1223 1834 1412 1886; x_wconf 87' lang='grc' dir='ltr'><em>παιδιας</em></span> <span class='ocrx_word' id='word_1_236' title='bbox 1451 1832 1651 1891; x_wconf 71' lang='grc' dir='ltr'><em>ἄγοντες,</em></span> <span class='ocrx_word' id='word_1_237' title='bbox 1692 1835 1861 1878; x_wconf 85' lang='grc' dir='ltr'><em>έθυσάν</em></span> <span class='ocrx_word' id='word_1_238' title='bbox 1899 1852 1948 1878; x_wconf 88' lang='grc' dir='ltr'><em>τε</em></span> 
     </span>
     <span class='ocr_line' id='line_1_26' title="bbox 271 1897 1947 1981; baseline 0.002 -39"><span class='ocrx_word' id='word_1_239' title='bbox 271 1904 583 1956; x_wconf 75' lang='grc' dir='ltr'><em>χαριστηριους</em></span> <span class='ocrx_word' id='word_1_240' title='bbox 626 1897 738 1954; x_wconf 73' lang='grc' dir='ltr'><em>ὑπέρ</em></span> <span class='ocrx_word' id='word_1_241' title='bbox 784 1917 831 1943; x_wconf 89' lang='grc' dir='ltr'><em>τε</em></span> <span class='ocrx_word' id='word_1_242' title='bbox 869 1903 955 1943; x_wconf 76' lang='grc' dir='ltr'><em>τῶν</em></span> <span class='ocrx_word' id='word_1_243' title='bbox 994 1906 1361 1981; x_wconf 75' lang='grc' dir='ltr'><em>κατωρθωμένων</em></span> <span class='ocrx_word' id='word_1_244' title='bbox 1400 1906 1618 1981; x_wconf 82' lang='grc' dir='ltr'><em>θισίας</em></span> <span class='ocrx_word' id='word_1_245' title='bbox 1607 1905 1679 1947; x_wconf 85' lang='grc' dir='ltr'><em>καὶ</em></span> <span class='ocrx_word' id='word_1_246' title='bbox 1717 1900 1831 1959; x_wconf 77' lang='grc' dir='ltr'><em>ὑπὲρ</em></span> <span class='ocrx_word' id='word_1_247' title='bbox 1869 1919 1947 1960; x_wconf 80' lang='grc' dir='ltr'><em>της</em></span> 
     </span>
    </p>
   </div>
   <div class='ocr_carea' id='block_1_3' title="bbox 274 1974 1923 1983">
    <p class='ocr_par' dir='ltr' id='par_1_3' title="bbox 274 1974 1923 1983">
     <span class='ocr_line' id='line_1_27' title="bbox 274 1974 1923 1983; baseline 0 0"><span class='ocrx_word' id='word_1_248' title='bbox 274 1974 1923 1983; x_wconf 95' lang='lat' dir='ltr'><em> </em></span> 
     </span>
    </p>
   </div>
   <div class='ocr_carea' id='block_1_4' title="bbox 783 1976 1923 1982">
    <p class='ocr_par' dir='ltr' id='par_1_4' title="bbox 783 1976 1923 1982">
     <span class='ocr_line' id='line_1_28' title="bbox 783 1976 1923 1982; baseline 0 0"><span class='ocrx_word' id='word_1_249' title='bbox 783 1976 1923 1982; x_wconf 95' lang='lat' dir='ltr'><em> </em></span> 
     </span>
    </p>
   </div>
   <div class='ocr_carea' id='block_1_5' title="bbox 388 2002 932 2046">
    <p class='ocr_par' dir='ltr' id='par_1_5' title="bbox 388 2002 932 2046">
     <span class='ocr_line' id='line_1_29' title="bbox 388 2002 932 2046; baseline 0.002 -10"><span class='ocrx_word' id='word_1_250' title='bbox 388 2005 410 2046; x_wconf 58' lang='grc' dir='ltr'>ᾗ</span> <span class='ocrx_word' id='word_1_251' title='bbox 435 2004 498 2036; x_wconf 79' lang='grc'><em>343</em></span> <span class='ocrx_word' id='word_1_252' title='bbox 525 2018 569 2030; x_wconf 89' lang='lat'>=</span> <span class='ocrx_word' id='word_1_253' title='bbox 597 2006 626 2037; x_wconf 90' lang='lat'><em>1.</em></span> <span class='ocrx_word' id='word_1_254' title='bbox 644 2002 809 2038; x_wconf 82' lang='lat' dir='ltr'>Maccab.</span> <span class='ocrx_word' id='word_1_255' title='bbox 827 2002 859 2037; x_wconf 92' lang='lat' dir='ltr'><strong>V</strong></span> <span class='ocrx_word' id='word_1_256' title='bbox 876 2005 932 2037; x_wconf 78' lang='grc'><em>43.</em></span> 
     </span>
    </p>
   </div>
   <div class='ocr_carea' id='block_1_6' title="bbox 275 2061 1947 2301">
    <p class='ocr_par' dir='ltr' id='par_1_6' title="bbox 389 2061 762 2117">
     <span class='ocr_line' id='line_1_30' title="bbox 389 2061 762 2117; baseline 0.005 -2"><span class='ocrx_word' id='word_1_257' title='bbox 389 2061 449 2115; x_wconf 84' lang='lat' dir='ltr'><em>PF</em></span> <span class='ocrx_word' id='word_1_258' title='bbox 452 2081 640 2117; x_wconf 69' lang='lat' dir='ltr'>LAMVW</span> <span class='ocrx_word' id='word_1_259' title='bbox 644 2082 676 2117; x_wconf 83' lang='lat' dir='ltr'>E</span> <span class='ocrx_word' id='word_1_260' title='bbox 689 2083 762 2117; x_wconf 82' lang='lat' dir='ltr'><em>Lat</em></span> 
     </span>
    </p>

    <p class='ocr_par' dir='ltr' id='par_1_7' title="bbox 275 2135 1947 2301">
     <span class='ocr_line' id='line_1_31' title="bbox 394 2135 1947 2186; baseline 0.002 -12"><span class='ocrx_word' id='word_1_261' title='bbox 394 2141 407 2171; x_wconf 85' lang='lat'>1</span> <span class='ocrx_word' id='word_1_262' title='bbox 435 2137 609 2182; x_wconf 75' lang='grc' dir='ltr'><em>ἐμπίπτει</em></span> <span class='ocrx_word' id='word_1_263' title='bbox 636 2139 856 2175; x_wconf 83' lang='lat' dir='ltr'>FLAMVW</span> <span class='ocrx_word' id='word_1_264' title='bbox 939 2135 1057 2176; x_wconf 71' lang='grc' dir='ltr'><em>αὐτὸν</em></span> <span class='ocrx_word' id='word_1_265' title='bbox 1080 2140 1109 2173; x_wconf 89' lang='lat' dir='ltr'><strong>F</strong></span> <span class='ocrx_word' id='word_1_266' title='bbox 1182 2143 1200 2174; x_wconf 82' lang='lat'><strong>2</strong></span> <span class='ocrx_word' id='word_1_267' title='bbox 1227 2136 1272 2176; x_wconf 77' lang='grc' dir='ltr'><em>τὰ</em></span> <span class='ocrx_word' id='word_1_268' title='bbox 1298 2150 1366 2175; x_wconf 86' lang='lat' dir='ltr'><em>om.</em></span> <span class='ocrx_word' id='word_1_269' title='bbox 1394 2140 1422 2174; x_wconf 85' lang='lat' dir='ltr'><strong>F</strong></span> <span class='ocrx_word' id='word_1_270' title='bbox 1495 2144 1514 2176; x_wconf 85' lang='lat'>3</span> <span class='ocrx_word' id='word_1_271' title='bbox 1539 2143 1601 2177; x_wconf 85' lang='grc' dir='ltr'><em>καὶ</em></span> <span class='ocrx_word' id='word_1_272' title='bbox 1626 2140 1723 2183; x_wconf 79' lang='grc' dir='ltr'><em>τινὲς</em></span> <span class='ocrx_word' id='word_1_273' title='bbox 1748 2161 1789 2166; x_wconf 85' lang='grc'><strong>-</strong></span> <span class='ocrx_word' id='word_1_274' title='bbox 1815 2144 1836 2176; x_wconf 84' lang='grc'>4</span> <span class='ocrx_word' id='word_1_275' title='bbox 1861 2154 1947 2186; x_wconf 68' lang='grc' dir='ltr'><em>συμ-</em></span> 
     </span>
     <span class='ocr_line' id='line_1_32' title="bbox 275 2192 1946 2244; baseline 0.003 -14"><span class='ocrx_word' id='word_1_276' title='bbox 275 2192 474 2240; x_wconf 76' lang='grc' dir='ltr'><em>φυγόντες]</em></span> <span class='ocrx_word' id='word_1_277' title='bbox 500 2206 652 2241; x_wconf 78' lang='lat' dir='ltr'><em>quorum</em></span> <span class='ocrx_word' id='word_1_278' title='bbox 680 2196 829 2241; x_wconf 78' lang='lat' dir='ltr'><em>quidam</em></span> <span class='ocrx_word' id='word_1_279' title='bbox 853 2196 903 2231; x_wconf 78' lang='lat' dir='ltr'><em>ad</em></span> <span class='ocrx_word' id='word_1_280' title='bbox 926 2197 1043 2231; x_wconf 82' lang='lat' dir='ltr'><em>locum</em></span> <span class='ocrx_word' id='word_1_281' title='bbox 1070 2197 1135 2242; x_wconf 77' lang='lat' dir='ltr'><em>qui</em></span> <span class='ocrx_word' id='word_1_282' title='bbox 1159 2197 1295 2232; x_wconf 79' lang='lat' dir='ltr'><em>dicitur</em></span> <span class='ocrx_word' id='word_1_283' title='bbox 1317 2208 1438 2242; x_wconf 74' lang='lat' dir='ltr'><strong><em>yrana</em></strong></span> <span class='ocrx_word' id='word_1_284' title='bbox 1460 2198 1646 2244; x_wconf 73' lang='lat' dir='ltr'><em>fuqientes</em></span> <span class='ocrx_word' id='word_1_285' title='bbox 1670 2197 1741 2232; x_wconf 86' lang='lat' dir='ltr'><em>Lat</em></span> <span class='ocrx_word' id='word_1_286' title='bbox 1876 2198 1946 2243; x_wconf 83' lang='grc' dir='ltr'><em>μὲν</em></span> 
     </span>
     <span class='ocr_line' id='line_1_33' title="bbox 275 2250 1945 2301; baseline 0.002 -15"><span class='ocrx_word' id='word_1_287' title='bbox 275 2261 305 2286; x_wconf 78' lang='grc' dir='ltr'><em>Β.</em></span> <span class='ocrx_word' id='word_1_288' title='bbox 330 2250 362 2284; x_wconf 92' lang='lat' dir='ltr'>L</span> <span class='ocrx_word' id='word_1_289' title='bbox 455 2254 475 2285; x_wconf 80' lang='grc'>4</span> <span class='ocrx_word' id='word_1_290' title='bbox 499 2250 700 2300; x_wconf 77' lang='grc' dir='ltr'><em>ἐγκρανὰς]</em></span> <span class='ocrx_word' id='word_1_291' title='bbox 725 2251 767 2288; x_wconf 65' lang='grc' dir='ltr'><em>ἐν</em></span> <span class='ocrx_word' id='word_1_292' title='bbox 790 2254 951 2299; x_wconf 74' lang='grc' dir='ltr'><em>κραναῒν</em></span> <span class='ocrx_word' id='word_1_293' title='bbox 976 2254 1005 2287; x_wconf 88' lang='lat' dir='ltr'><strong>F</strong></span> <span class='ocrx_word' id='word_1_294' title='bbox 1031 2252 1072 2289; x_wconf 73' lang='grc' dir='ltr'><em>ἐν</em></span> <span class='ocrx_word' id='word_1_295' title='bbox 1095 2254 1256 2300; x_wconf 73' lang='grc' dir='ltr'><em>καρναῒν</em></span> <span class='ocrx_word' id='word_1_296' title='bbox 1280 2253 1345 2288; x_wconf 90' lang='lat' dir='ltr'><em>LV</em></span> <span class='ocrx_word' id='word_1_297' title='bbox 1370 2252 1574 2301; x_wconf 78' lang='grc' dir='ltr'><em>ἐγκαρναῒν</em></span> <span class='ocrx_word' id='word_1_298' title='bbox 1597 2254 1746 2300; x_wconf 83' lang='grc' dir='ltr'><em>(αρναῒν</em></span> <span class='ocrx_word' id='word_1_299' title='bbox 1769 2255 1792 2290; x_wconf 88' lang='lat' dir='ltr'><em>i.</em></span> <span class='ocrx_word' id='word_1_300' title='bbox 1811 2265 1880 2290; x_wconf 82' lang='lat' dir='ltr'><em>ras.</em></span> <span class='ocrx_word' id='word_1_301' title='bbox 1900 2256 1945 2293; x_wconf 64' lang='lat' dir='ltr'><em>A·</em></span> 
     </span>
    </p>
   </div>
   <div class='ocr_carea' id='block_1_7' title="bbox 273 2305 1950 2983">
    <p class='ocr_par' dir='ltr' id='par_1_8' title="bbox 273 2305 1950 2470">
     <span class='ocr_line' id='line_1_34' title="bbox 273 2305 1950 2356; baseline 0.004 -13"><span class='ocrx_word' id='word_1_302' title='bbox 273 2307 347 2341; x_wconf 89' lang='lat' dir='ltr'><em>AM</em></span> <span class='ocrx_word' id='word_1_303' title='bbox 417 2305 621 2351; x_wconf 77' lang='grc' dir='ltr'><em>τεύξασθαι</em></span> <span class='ocrx_word' id='word_1_304' title='bbox 646 2309 705 2343; x_wconf 88' lang='lat' dir='ltr'><em>PL</em></span> <span class='ocrx_word' id='word_1_305' title='bbox 778 2313 796 2344; x_wconf 86' lang='lat'>5</span> <span class='ocrx_word' id='word_1_306' title='bbox 821 2308 1145 2356; x_wconf 78' lang='grc' dir='ltr'><em>καταβαλόμενοσ</em></span> <span class='ocrx_word' id='word_1_307' title='bbox 1162 2311 1194 2345; x_wconf 93' lang='lat' dir='ltr'>V</span> <span class='ocrx_word' id='word_1_308' title='bbox 1266 2314 1285 2343; x_wconf 71' lang='grc'><strong>6</strong></span> <span class='ocrx_word' id='word_1_309' title='bbox 1311 2311 1477 2355; x_wconf 70' lang='grc' dir='ltr'><em>τέμενος]</em></span> <span class='ocrx_word' id='word_1_310' title='bbox 1504 2312 1619 2347; x_wconf 72' lang='lat' dir='ltr'><em>locam</em></span> <span class='ocrx_word' id='word_1_311' title='bbox 1645 2311 1716 2346; x_wconf 78' lang='lat' dir='ltr'><em>Lat</em></span> <span class='ocrx_word' id='word_1_312' title='bbox 1785 2312 1883 2349; x_wconf 81' lang='grc' dir='ltr'><em>εἰδέα</em></span> <span class='ocrx_word' id='word_1_313' title='bbox 1901 2313 1950 2354; x_wconf 82' lang='grc' dir='ltr'><em>(εἰ</em></span> 
     </span>
     <span class='ocr_line' id='line_1_35' title="bbox 274 2360 1947 2416; baseline 0.005 -18"><span class='ocrx_word' id='word_1_314' title='bbox 274 2374 317 2398; x_wconf 80' lang='lat' dir='ltr'><em>ex</em></span> <span class='ocrx_word' id='word_1_315' title='bbox 334 2360 355 2410; x_wconf 77' lang='grc' dir='ltr'><em>ἦ</em></span> <span class='ocrx_word' id='word_1_316' title='bbox 374 2374 467 2400; x_wconf 86' lang='lat' dir='ltr'>corr.</span> <span class='ocrx_word' id='word_1_317' title='bbox 485 2376 530 2400; x_wconf 92' lang='lat' dir='ltr'><em>m.</em></span> <span class='ocrx_word' id='word_1_318' title='bbox 547 2369 565 2400; x_wconf 82' lang='lat'>2</span> <span class='ocrx_word' id='word_1_319' title='bbox 583 2366 627 2405; x_wconf 89' lang='lat' dir='ltr'><em>L)</em></span> <span class='ocrx_word' id='word_1_320' title='bbox 642 2366 702 2401; x_wconf 89' lang='lat' dir='ltr'><em>PL</em></span> <span class='ocrx_word' id='word_1_321' title='bbox 767 2369 786 2401; x_wconf 85' lang='grc'>8</span> <span class='ocrx_word' id='word_1_322' title='bbox 811 2370 873 2403; x_wconf 85' lang='grc' dir='ltr'><em>καὶ</em></span> <span class='ocrx_word' id='word_1_323' title='bbox 891 2365 1114 2414; x_wconf 71' lang='grc' dir='ltr'><em>συναγαγὼν</em></span> <span class='ocrx_word' id='word_1_324' title='bbox 1127 2378 1194 2403; x_wconf 90' lang='lat' dir='ltr'><em>om.</em></span> <span class='ocrx_word' id='word_1_325' title='bbox 1210 2367 1249 2401; x_wconf 92' lang='lat' dir='ltr'>M</span> <span class='ocrx_word' id='word_1_326' title='bbox 1318 2369 1550 2414; x_wconf 81' lang='grc' dir='ltr'><em>γαλααδίτιδι</em></span> <span class='ocrx_word' id='word_1_327' title='bbox 1569 2368 1741 2403; x_wconf 87' lang='lat' dir='ltr'>FLAMV</span> <span class='ocrx_word' id='word_1_328' title='bbox 1753 2371 1947 2416; x_wconf 83' lang='grc' dir='ltr'><em>γαλααδίτι</em></span> 
     </span>
     <span class='ocr_line' id='line_1_36' title="bbox 274 2420 1900 2470; baseline 0.004 -17"><span class='ocrx_word' id='word_1_329' title='bbox 274 2420 319 2453; x_wconf 88' lang='lat' dir='ltr'>W</span> <span class='ocrx_word' id='word_1_330' title='bbox 338 2421 540 2466; x_wconf 72' lang='lat' dir='ltr'><em>qaladilide</em></span> <span class='ocrx_word' id='word_1_331' title='bbox 556 2422 626 2457; x_wconf 79' lang='lat' dir='ltr'><em>Lat</em></span> <span class='ocrx_word' id='word_1_332' title='bbox 696 2426 716 2457; x_wconf 83' lang='grc'><strong>9</strong></span> <span class='ocrx_word' id='word_1_333' title='bbox 740 2420 836 2468; x_wconf 81' lang='grc' dir='ltr'><em>μετὰ</em></span> <span class='ocrx_word' id='word_1_334' title='bbox 856 2427 933 2460; x_wconf 74' lang='grc' dir='ltr'><em>τῶν</em></span> <span class='ocrx_word' id='word_1_335' title='bbox 950 2424 1094 2461; x_wconf 79' lang='grc' dir='ltr'><em>τέκνων</em></span> <span class='ocrx_word' id='word_1_336' title='bbox 1110 2426 1174 2460; x_wconf 79' lang='grc' dir='ltr'><em>καὶ</em></span> <span class='ocrx_word' id='word_1_337' title='bbox 1191 2427 1267 2461; x_wconf 81' lang='grc' dir='ltr'><em>τῶν</em></span> <span class='ocrx_word' id='word_1_338' title='bbox 1284 2428 1472 2470; x_wconf 76' lang='grc' dir='ltr'><em>γυναικῶν</em></span> <span class='ocrx_word' id='word_1_339' title='bbox 1489 2425 1518 2459; x_wconf 92' lang='lat' dir='ltr'><strong>F</strong></span> <span class='ocrx_word' id='word_1_340' title='bbox 1591 2420 1731 2468; x_wconf 72' lang='grc' dir='ltr'><em>αὐτοῖς]</em></span> <span class='ocrx_word' id='word_1_341' title='bbox 1751 2422 1854 2462; x_wconf 79' lang='grc' dir='ltr'><em>αὐτῶ</em></span> <span class='ocrx_word' id='word_1_342' title='bbox 1869 2425 1900 2460; x_wconf 87' lang='lat' dir='ltr'><strong>F</strong></span> 
     </span>
    </p>

    <p class='ocr_par' dir='ltr' id='par_1_9' title="bbox 274 2478 1949 2868">
     <span class='ocr_line' id='line_1_37' title="bbox 276 2478 1948 2528; baseline 0.004 -16"><span class='ocrx_word' id='word_1_343' title='bbox 276 2480 315 2512; x_wconf 91' lang='lat'><em>10</em></span> <span class='ocrx_word' id='word_1_344' title='bbox 342 2479 394 2520; x_wconf 82' lang='grc' dir='ltr'><em>εἰς</em></span> <span class='ocrx_word' id='word_1_345' title='bbox 418 2490 486 2514; x_wconf 92' lang='lat' dir='ltr'><em>om.</em></span> <span class='ocrx_word' id='word_1_346' title='bbox 512 2479 541 2513; x_wconf 90' lang='lat' dir='ltr'><strong>F</strong></span> <span class='ocrx_word' id='word_1_347' title='bbox 611 2478 878 2527; x_wconf 73' lang='grc' dir='ltr'><em>ἐπαναγαγεῖν]</em></span> <span class='ocrx_word' id='word_1_348' title='bbox 905 2479 1109 2528; x_wconf 75' lang='grc' dir='ltr'><em>ἐπανάγειν</em></span> <span class='ocrx_word' id='word_1_349' title='bbox 1126 2481 1206 2515; x_wconf 77' lang='lat' dir='ltr'><em>AW</em></span> <span class='ocrx_word' id='word_1_350' title='bbox 1231 2479 1488 2527; x_wconf 73' lang='grc' dir='ltr'><em>ἐπαναγαγεῖν</em></span> <span class='ocrx_word' id='word_1_351' title='bbox 1508 2479 1698 2527; x_wconf 80' lang='grc' dir='ltr'><em>διεγνώκει</em></span> <span class='ocrx_word' id='word_1_352' title='bbox 1716 2481 1747 2516; x_wconf 93' lang='lat' dir='ltr'>L</span> <span class='ocrx_word' id='word_1_353' title='bbox 1822 2486 1856 2517; x_wconf 88' lang='lat'><em>11</em></span> <span class='ocrx_word' id='word_1_354' title='bbox 1887 2480 1948 2528; x_wconf 72' lang='grc' dir='ltr'><em>ἔμ-</em></span> 
     </span>
     <span class='ocr_line' id='line_1_38' title="bbox 274 2533 1949 2584; baseline 0.004 -13"><span class='ocrx_word' id='word_1_355' title='bbox 274 2548 383 2581; x_wconf 74' lang='grc' dir='ltr'><em>φρων</em></span> <span class='ocrx_word' id='word_1_356' title='bbox 408 2539 452 2574; x_wconf 82' lang='grc' dir='ltr'><em>(ω</em></span> <span class='ocrx_word' id='word_1_357' title='bbox 469 2545 513 2571; x_wconf 83' lang='lat' dir='ltr'><em>ex</em></span> <span class='ocrx_word' id='word_1_358' title='bbox 531 2549 551 2572; x_wconf 92' lang='grc' dir='ltr'><em>ο</em></span> <span class='ocrx_word' id='word_1_359' title='bbox 571 2547 663 2572; x_wconf 83' lang='lat' dir='ltr'>corr.</span> <span class='ocrx_word' id='word_1_360' title='bbox 682 2536 726 2578; x_wconf 92' lang='lat' dir='ltr'><em>L)</em></span> <span class='ocrx_word' id='word_1_361' title='bbox 751 2537 898 2573; x_wconf 88' lang='lat' dir='ltr'>FLVW</span> <span class='ocrx_word' id='word_1_362' title='bbox 922 2538 1032 2583; x_wconf 76' lang='lat' dir='ltr'><em>efron</em></span> <span class='ocrx_word' id='word_1_363' title='bbox 1049 2540 1113 2573; x_wconf 83' lang='lat' dir='ltr'><em>aut</em></span> <span class='ocrx_word' id='word_1_364' title='bbox 1129 2538 1266 2583; x_wconf 77' lang='lat' dir='ltr'><em>eufron</em></span> <span class='ocrx_word' id='word_1_365' title='bbox 1283 2537 1353 2572; x_wconf 80' lang='lat' dir='ltr'><em>Lat</em></span> <span class='ocrx_word' id='word_1_366' title='bbox 1376 2533 1522 2584; x_wconf 77' lang='grc' dir='ltr'><em>Ἑφρὼι·</em></span> <span class='ocrx_word' id='word_1_367' title='bbox 1540 2539 1702 2574; x_wconf 81' lang='lat' dir='ltr'>Maccab.</span> <span class='ocrx_word' id='word_1_368' title='bbox 1778 2543 1816 2574; x_wconf 89' lang='lat'>15</span> <span class='ocrx_word' id='word_1_369' title='bbox 1841 2539 1949 2577; x_wconf 75' lang='grc' dir='ltr'><em>ἐνπε-</em></span> 
     </span>
     <span class='ocr_line' id='line_1_39' title="bbox 275 2588 1948 2643; baseline 0.004 -16"><span class='ocrx_word' id='word_1_370' title='bbox 275 2588 474 2636; x_wconf 76' lang='grc' dir='ltr'><em>φράκεσαι·</em></span> <span class='ocrx_word' id='word_1_371' title='bbox 491 2592 518 2626; x_wconf 89' lang='grc' dir='ltr'><strong>Ρ</strong></span> <span class='ocrx_word' id='word_1_372' title='bbox 536 2591 805 2640; x_wconf 69' lang='grc' dir='ltr'><em>ἐπεφράκεσιιν</em></span> <span class='ocrx_word' id='word_1_373' title='bbox 822 2594 979 2630; x_wconf 85' lang='lat' dir='ltr'>Dindorf</span> <span class='ocrx_word' id='word_1_374' title='bbox 1047 2591 1308 2640; x_wconf 77' lang='grc' dir='ltr'><em>ἀπετέμνοντο</em></span> <span class='ocrx_word' id='word_1_375' title='bbox 1327 2594 1425 2629; x_wconf 91' lang='lat' dir='ltr'><em>FLV</em></span> <span class='ocrx_word' id='word_1_376' title='bbox 1491 2598 1530 2630; x_wconf 67' lang='lat'><em>16</em></span> <span class='ocrx_word' id='word_1_377' title='bbox 1548 2593 1726 2642; x_wconf 70' lang='grc' dir='ltr'><em>ἐμφρέων</em></span> <span class='ocrx_word' id='word_1_378' title='bbox 1743 2596 1770 2631; x_wconf 91' lang='grc' dir='ltr'>Ρ</span> <span class='ocrx_word' id='word_1_379' title='bbox 1791 2594 1948 2643; x_wconf 76' lang='grc' dir='ltr'><em>-ἐμφρό-</em></span> 
     </span>
     <span class='ocr_line' id='line_1_40' title="bbox 275 2647 1947 2700; baseline 0.005 -18"><span class='ocrx_word' id='word_1_380' title='bbox 275 2661 351 2683; x_wconf 85' lang='grc' dir='ltr'><em>νων</em></span> <span class='ocrx_word' id='word_1_381' title='bbox 374 2647 430 2682; x_wconf 73' lang='grc' dir='ltr'><em>Μ2</em></span> <span class='ocrx_word' id='word_1_382' title='bbox 454 2649 626 2695; x_wconf 66' lang='grc' dir='ltr'><em>ἐφραίων</em></span> <span class='ocrx_word' id='word_1_383' title='bbox 644 2650 689 2684; x_wconf 55' lang='lat' dir='ltr'><em>WV</em></span> <span class='ocrx_word' id='word_1_384' title='bbox 757 2649 1062 2694; x_wconf 82' lang='grc' dir='ltr'><em>κυκλωσάμενος]</em></span> <span class='ocrx_word' id='word_1_385' title='bbox 1086 2654 1150 2688; x_wconf 81' lang='grc' dir='ltr'><em>καὶ</em></span> <span class='ocrx_word' id='word_1_386' title='bbox 1166 2649 1462 2696; x_wconf 71' lang='grc' dir='ltr'><em>κυκλωσά,ιιενοσ</em></span> <span class='ocrx_word' id='word_1_387' title='bbox 1479 2652 1667 2687; x_wconf 70' lang='lat' dir='ltr'>LAMYW</span> <span class='ocrx_word' id='word_1_388' title='bbox 1741 2656 1779 2687; x_wconf 79' lang='lat'><em>17</em></span> <span class='ocrx_word' id='word_1_389' title='bbox 1805 2651 1947 2700; x_wconf 77' lang='grc' dir='ltr'><em>ἐξαίρει</em></span> 
     </span>
     <span class='ocr_line' id='line_1_41' title="bbox 274 2704 1946 2756; baseline 0.001 -14"><span class='ocrx_word' id='word_1_390' title='bbox 274 2704 369 2739; x_wconf 87' lang='lat' dir='ltr'><em>PFV</em></span> <span class='ocrx_word' id='word_1_391' title='bbox 442 2709 482 2740; x_wconf 76' lang='lat'><em>1⁴.)</em></span> <span class='ocrx_word' id='word_1_392' title='bbox 501 2710 664 2743; x_wconf 79' lang='grc' dir='ltr'><em>τοσοῦτο</em></span> <span class='ocrx_word' id='word_1_393' title='bbox 683 2708 780 2743; x_wconf 86' lang='lat' dir='ltr'><em>FLV</em></span> <span class='ocrx_word' id='word_1_394' title='bbox 850 2704 885 2744; x_wconf 76' lang='grc' dir='ltr'><em>δ’</em></span> <span class='ocrx_word' id='word_1_395' title='bbox 902 2719 971 2744; x_wconf 84' lang='lat' dir='ltr'><em>om.</em></span> <span class='ocrx_word' id='word_1_396' title='bbox 991 2709 1018 2743; x_wconf 95' lang='lat' dir='ltr'>P</span> <span class='ocrx_word' id='word_1_397' title='bbox 1090 2712 1131 2744; x_wconf 85' lang='lat'><em>22</em></span> <span class='ocrx_word' id='word_1_398' title='bbox 1149 2705 1313 2756; x_wconf 78' lang='grc' dir='ltr'><em>βεδσάνη</em></span> <span class='ocrx_word' id='word_1_399' title='bbox 1331 2708 1358 2742; x_wconf 90' lang='grc' dir='ltr'>Ρ</span> <span class='ocrx_word' id='word_1_400' title='bbox 1375 2706 1559 2755; x_wconf 69' lang='grc' dir='ltr'><em>βεθσανὴ,</em></span> <span class='ocrx_word' id='word_1_401' title='bbox 1578 2723 1594 2745; x_wconf 82' lang='grc' dir='ltr'><em>ε</em></span> <span class='ocrx_word' id='word_1_402' title='bbox 1613 2720 1655 2744; x_wconf 85' lang='lat' dir='ltr'><em>ex</em></span> <span class='ocrx_word' id='word_1_403' title='bbox 1675 2725 1694 2755; x_wconf 77' lang='grc' dir='ltr'><em>η</em></span> <span class='ocrx_word' id='word_1_404' title='bbox 1712 2719 1804 2745; x_wconf 88' lang='lat' dir='ltr'>corr.</span> <span class='ocrx_word' id='word_1_405' title='bbox 1822 2709 1896 2745; x_wconf 87' lang='lat' dir='ltr'><em>uid.</em></span> <span class='ocrx_word' id='word_1_406' title='bbox 1913 2710 1946 2744; x_wconf 78' lang='lat' dir='ltr'>A</span> 
     </span>
     <span class='ocr_line' id='line_1_42' title="bbox 274 2762 1946 2812; baseline 0.007 -16"><span class='ocrx_word' id='word_1_407' title='bbox 274 2764 466 2808; x_wconf 73' lang='grc' dir='ltr'><em>βαιθσανῆ</em></span> <span class='ocrx_word' id='word_1_408' title='bbox 481 2763 526 2797; x_wconf 89' lang='lat' dir='ltr'>W</span> <span class='ocrx_word' id='word_1_409' title='bbox 550 2763 732 2799; x_wconf 76' lang='lat' dir='ltr'><em>bethsanis</em></span> <span class='ocrx_word' id='word_1_410' title='bbox 753 2765 823 2800; x_wconf 80' lang='lat' dir='ltr'><em>Lat</em></span> <span class='ocrx_word' id='word_1_411' title='bbox 893 2763 1140 2812; x_wconf 75' lang='grc' dir='ltr'><em>ὡρμηθὲντεσ</em></span> <span class='ocrx_word' id='word_1_412' title='bbox 1161 2766 1188 2800; x_wconf 90' lang='grc' dir='ltr'>Ρ</span> <span class='ocrx_word' id='word_1_413' title='bbox 1259 2768 1300 2800; x_wconf 73' lang='lat'><em>23</em></span> <span class='ocrx_word' id='word_1_414' title='bbox 1322 2762 1605 2809; x_wconf 63' lang='lat' dir='ltr'><em>*iwwdofrzw</em></span> <span class='ocrx_word' id='word_1_415' title='bbox 1626 2766 1722 2800; x_wconf 86' lang='lat' dir='ltr'><em>FLV</em></span> <span class='ocrx_word' id='word_1_416' title='bbox 1801 2769 1843 2801; x_wconf 75' lang='lat'><em>24</em></span> <span class='ocrx_word' id='word_1_417' title='bbox 1865 2765 1946 2811; x_wconf 72' lang='grc' dir='ltr'><em>τὰς]</em></span> 
     </span>
     <span class='ocr_line' id='line_1_43' title="bbox 276 2814 1894 2868; baseline 0.004 -16"><span class='ocrx_word' id='word_1_418' title='bbox 276 2814 369 2854; x_wconf 61' lang='lat' dir='ltr'><em>toi-o</em></span> <span class='ocrx_word' id='word_1_419' title='bbox 394 2819 516 2853; x_wconf 51' lang='lat' dir='ltr'><em>AMWV</em></span> <span class='ocrx_word' id='word_1_420' title='bbox 590 2816 774 2868; x_wconf 63' lang='grc' dir='ltr'><em>συνήθεις]</em></span> <span class='ocrx_word' id='word_1_421' title='bbox 801 2819 933 2868; x_wconf 73' lang='grc' dir='ltr'><em>σήθεισ</em></span> <span class='ocrx_word' id='word_1_422' title='bbox 959 2823 989 2857; x_wconf 92' lang='lat' dir='ltr'>L</span> <span class='ocrx_word' id='word_1_423' title='bbox 1072 2824 1249 2859; x_wconf 83' lang='grc' dir='ltr'><em>παιόείασ</em></span> <span class='ocrx_word' id='word_1_424' title='bbox 1274 2822 1300 2857; x_wconf 90' lang='grc' dir='ltr'>Ρ</span> <span class='ocrx_word' id='word_1_425' title='bbox 1327 2824 1496 2857; x_wconf 79' lang='grc' dir='ltr'><em>παιᾱνασ</em></span> <span class='ocrx_word' id='word_1_426' title='bbox 1522 2822 1626 2856; x_wconf 79' lang='lat' dir='ltr'><em>LAM</em></span> <span class='ocrx_word' id='word_1_427' title='bbox 1657 2822 1818 2860; x_wconf 79' lang='grc' dir='ltr'><em>παιάνεσ</em></span> <span class='ocrx_word' id='word_1_428' title='bbox 1846 2823 1894 2858; x_wconf 90' lang='lat' dir='ltr'>W</span> 
     </span>
    </p>

    <p class='ocr_par' dir='ltr' id='par_1_10' title="bbox 276 2872 1948 2983">
     <span class='ocr_line' id='line_1_44' title="bbox 276 2872 1948 2929; baseline 0.004 -17"><span class='ocrx_word' id='word_1_429' title='bbox 276 2872 446 2922; x_wconf 73' lang='grc' dir='ltr'><em>ἄγοντες]</em></span> <span class='ocrx_word' id='word_1_430' title='bbox 465 2874 626 2926; x_wconf 43' lang='lat' dir='ltr'><em>fildorf&amp;</em></span> <span class='ocrx_word' id='word_1_431' title='bbox 644 2879 681 2912; x_wconf 91' lang='lat' dir='ltr'>M</span> <span class='ocrx_word' id='word_1_432' title='bbox 752 2882 804 2920; x_wconf 80' lang='grc' dir='ltr'><em>τε]</em></span> <span class='ocrx_word' id='word_1_433' title='bbox 823 2879 861 2916; x_wconf 77' lang='grc' dir='ltr'><em>δὲ</em></span> <span class='ocrx_word' id='word_1_434' title='bbox 874 2879 1005 2915; x_wconf 84' lang='lat' dir='ltr'>FLVE</span> <span class='ocrx_word' id='word_1_435' title='bbox 1076 2883 1118 2914; x_wconf 79' lang='lat'><em>‘25</em></span> <span class='ocrx_word' id='word_1_436' title='bbox 1134 2879 1383 2926; x_wconf 73' lang='grc' dir='ltr'><em>χαριστηρίου</em></span> <span class='ocrx_word' id='word_1_437' title='bbox 1400 2878 1427 2912; x_wconf 85' lang='grc' dir='ltr'>Ρ</span> <span class='ocrx_word' id='word_1_438' title='bbox 1443 2881 1705 2925; x_wconf 66' lang='grc' dir='ltr'><em>χαριστηριόισ</em></span> <span class='ocrx_word' id='word_1_439' title='bbox 1719 2879 1748 2914; x_wconf 93' lang='lat' dir='ltr'>L</span> <span class='ocrx_word' id='word_1_440' title='bbox 1810 2893 1948 2929; x_wconf 78' lang='grc' dir='ltr'><em>κατορ-</em></span> 
     </span>
     <span class='ocr_line' id='line_1_45' title="bbox 277 2933 1945 2983; baseline 0.001 -13"><span class='ocrx_word' id='word_1_441' title='bbox 277 2933 462 2978; x_wconf 79' lang='grc' dir='ltr'><em>θωμένων</em></span> <span class='ocrx_word' id='word_1_442' title='bbox 488 2935 582 2970; x_wconf 84' lang='lat' dir='ltr'><em>PVE</em></span> <span class='ocrx_word' id='word_1_443' title='bbox 608 2936 937 2981; x_wconf 77' lang='grc' dir='ltr'><em>κατωρθωμένων,</em></span> <span class='ocrx_word' id='word_1_444' title='bbox 963 2951 1019 2983; x_wconf 80' lang='grc' dir='ltr'><em>ωρ</em></span> <span class='ocrx_word' id='word_1_445' title='bbox 1044 2937 1064 2972; x_wconf 89' lang='lat' dir='ltr'><em>i.</em></span> <span class='ocrx_word' id='word_1_446' title='bbox 1084 2947 1154 2972; x_wconf 81' lang='lat' dir='ltr'><em>ras.</em></span> <span class='ocrx_word' id='word_1_447' title='bbox 1179 2935 1209 2970; x_wconf 86' lang='lat' dir='ltr'><strong>F</strong></span> <span class='ocrx_word' id='word_1_448' title='bbox 1286 2936 1420 2977; x_wconf 73' lang='grc' dir='ltr'><em>θυσίας</em></span> <span class='ocrx_word' id='word_1_449' title='bbox 1436 2938 1518 2979; x_wconf 77' lang='lat' dir='ltr'><strong>post</strong></span> <span class='ocrx_word' id='word_1_450' title='bbox 1533 2937 1802 2983; x_wconf 67' lang='grc' dir='ltr'><em>χαριστηρίους</em></span> <span class='ocrx_word' id='word_1_451' title='bbox 1818 2939 1862 2972; x_wconf 82' lang='lat' dir='ltr'><em>tr.</em></span> <span class='ocrx_word' id='word_1_452' title='bbox 1881 2937 1945 2972; x_wconf 87' lang='lat' dir='ltr'><em>VE</em></span> 
     </span>
    </p>
   </div>
   <div class='ocr_carea' id='block_1_8' title="bbox 1968 0 2107 3377">
    <p class='ocr_par' dir='ltr' id='par_1_11' title="bbox 1968 0 2107 3377">
     <span class='ocr_line' id='line_1_46' title="bbox 1968 0 2107 3377; baseline 0 0"><span class='ocrx_word' id='word_1_453' title='bbox 1968 0 2107 3377; x_wconf 95' lang='lat' dir='ltr'><em> </em></span> 
     </span>
    </p>
   </div>
  </div>
 </body>
</html>
