2029 3392
595 223 754 268 ANTIQ.
779 222 874 258 11J1).
901 222 986 257 xm
1013 225 1191 258 277-2‘32
1217 225 1262 265 (x.
1280 228 1307 255 2.
1325 228 1356 264 a,
1721 223 1801 261 203

143 338 279 381 πάλιν
311 338 373 388 εἰς
393 338 441 380 τὸ
464 346 605 390 τεῖχος
627 332 796 388 αι’)τοίς,
828 334 889 387 ῶς
919 339 988 379 καὶ
1015 336 1215 390 δεύτερον
1238 335 1594 378 ἐπικαλέσασθαι
1628 335 1801 389 σύμμα-

139 424 217 460 χον
258 409 516 460 πέμψαντες
551 403 628 446 τὸν
668 399 800 445 αι’·τὸν
838 401 1072 457 Ἀντίοχον.
1143 403 1192 453 ὂς
1238 403 1361 459 παρὰ
1402 403 1686 456 Πτολεμαίου
1726 406 1803 446 τοῦ
1834 407 1913 447 278

143 472 393 529 Λαθούρου
422 471 829 526 μεταπεμψάμενος
861 467 1024 526 ἄνδρας
1055 471 1117 521 εἰς
1148 471 1478 525 ἑξακισχιλίους,
1511 470 1586 521 οὓς
1615 466 1802 528 ἀκούσης

141 545 219 600 τῆς
247 539 411 598 μητρὸς
442 539 603 589 ἐκεῖνος
640 540 711 582 καὶ
744 537 848 581 ὅσον
888 535 1015 580 οὕπω
1057 541 1133 594 τῆς
1173 535 1304 595 ἀρχῆς
1335 536 1467 582 αὑτὸν
1498 537 1804 596 ἐκβεβληκυίας

94 617 113 648 5
143 608 461 660 ἐξαπέστειλεν,
500 605 550 649 τὸ
589 605 668 660 μὲν
709 608 888 662 πρῶτον
918 604 1058 649 ε’πιῶν
1090 607 1280 660 ἐπόρθει
1319 605 1396 662 τὴν
1423 604 1629 662 Ὑρκανοῦ
1657 606 1803 662 χώραν

141 676 251 731 μετὰ
281 677 368 718 τῶν
397 674 665 730 Αἷγιυττίων
696 675 954 730 λῃστρικῶς,
994 673 1221 728 μάχεσθαι
1260 674 1339 728 μὲν
1371 669 1490 730 αὐτῷ
1519 673 1630 717 κατὰ
1661 674 1804 730 πρόσ-

143 761 266 787 ωπον
296 739 345 786 οὗ
376 743 563 797 τολμῶν,
605 737 654 784 οὗ
685 741 767 798 γὰρ
798 732 850 799 ἦν
882 736 1119 798 ἀξιόχρεως
1149 739 1172 798 ἡ
1207 742 1391 795 δύναμις
1421 738 1574 794 αὐτοῦ,
1614 741 1804 796 νομίζων

142 812 188 855 δὲ
218 813 271 868 τῇ
300 810 486 853 κακώσει
525 811 603 867 τῆς
640 812 717 867 γῆς
747 805 1010 865 ἀναγκάσειν
1036 808 1238 865 Ὑρκανὸν
1270 812 1399 854 λῦσαι
1438 810 1515 868 τὴν
1545 812 1622 868 τῆς
1652 815 1804 865 Σαμα-

142 882 263 935 ρείας
301 879 576 933 πολιορκίαν.
645 877 743 921 ἐπεὶ
791 876 837 919 δὲ
876 876 1070 928 πολλοὺς
1113 880 1201 920 τῶν
1247 881 1532 933 στρατιωτῶν
1572 876 1804 921 ἀπώλλυεν
1835 880 1915 921 279

73 954 111 988 10
139 946 336 1002 ἐνέδραις
365 949 668 1000 περιπίπτων,
700 940 869 1003 ἀπῆρεν
900 944 962 995 εἷς
988 946 1206 1000 Τρίπολιν
1228 946 1554 1002 Καλλιμάνδρῳ
1584 948 1655 988 καὶ
1682 942 1804 988 Ἑπι-

139 1013 291 1069 κράτει
320 1012 397 1056 τὸν
428 1011 542 1069 πρὸς
571 1011 674 1063 τοὺς
699 1008 939 1062 Ἰουδαίους
969 1012 1166 1067 πόλεμον
1198 1012 1460 1070 ἐπιτρέψας.

253 1085 291 1126 3.
332 1081 671 1136 Καλλίμανδρος
710 1081 790 1135 μὲν
830 1071 906 1123 οὖν
944 1081 1221 1136 θρασύτερον
1261 1091 1355 1132 τοῖς
1393 1083 1630 1136 πολεμίοις
1660 1095 1803 1135 προσ·
1835 1084 1916 1125 280

141 1151 337 1203 ενεχθεὶς
369 1149 430 1200 εἰς
462 1147 602 1207 φυγὴν
632 1148 911 1204 τραπόμενος
950 1152 1218 1206 παραχρῆμα
1250 1150 1490 1207 διεφθάρη.
1545 1145 1806 1205 Ἐπικράτης

142 1217 190 1261 δὲ
219 1214 307 1260 ὑπὸ
342 1219 694 1274 φιλοχρηματίας
724 1215 801 1274 τήν
831 1233 879 1259 τε
900 1216 1186 1260 Σκυθόπολιν
1217 1217 1366 1261 καὶτὰ
1390 1215 1502 1260 ἄλλα
1534 1216 1649 1271 πρὸς
1668 1215 1804 1272 ταύτῃ

73 1291 110 1326 15
135 1289 279 1341 χωρία
310 1285 539 1342 προύδωκε
570 1287 771 1341 φανερῶς
791 1293 885 1334 τοῖς
901 1280 1140 1337 Ἰουδαίοις,
1171 1285 1249 1343 τὴν
1278 1286 1325 1328 δὲ
1346 1290 1599 1341 Σαμαρείας
1620 1285 1806 1340 πολιορ-

140 1358 237 1396 κίαν
269 1352 464 1396 διαλύειν
496 1349 571 1395 οὐκ
599 1348 802 1409 ἠδύνατο.
859 1349 1061 1408 Ὑρκανὸς
1090 1352 1170 1407 μὲν
1198 1343 1273 1395 οὖν
1302 1353 1380 1411 τὴν
1411 1353 1544 1397 πόλιν
1576 1351 1685 1395 ἑλῶν
1718 1351 1805 1395 ἔνι·
1838 1357 1915 1398 281

144 1423 263 1477 αυτῷ
295 1420 595 1478 πολιορκήσας
627 1416 702 1463 οἰκ
723 1416 917 1477 ἠρκέσθη
938 1419 1060 1477 μόνῳ
1082 1417 1236 1477 τούτῳ,
1270 1417 1382 1464 ἀλλὰ
1403 1423 1476 1464 καὶ
1497 1422 1648 1463 πᾶσαν
1672 1416 1805 1475 αὐτὴν

140 1484 359 1546 ἠφάνισεν
406 1487 667 1532 ἐπίκλυστον
715 1497 809 1538 τοῖς
858 1487 1113 1544 χειμάρροις
1158 1488 1373 1546 ποιήσας·
1424 1489 1679 1543 διασκάψας
1722 1486 1805 1544 γὰρ

144 1553 277 1615 αὐτὴν
309 1551 414 1598 ιῖίστ>
443 1555 506 1606 εἷς
531 1555 756 1611 χαράδρας
785 1564 1054 1610 μεταπεσεῖν
1083 1555 1138 1598 τὰ
1170 1566 1330 1613 σημεῖα
1360 1559 1438 1600 τοῦ
1461 1560 1672 1612 γενέσθαι
1694 1555 1805 1599 ποτὲ

75 1633 113 1665 20
143 1625 276 1668 πόλιν
299 1620 432 1680 αὐτὴν
454 1618 676 1680 ἀφείλετο.
723 1623 979 1679 παράδοξον
1001 1624 1050 1666 δέ
1069 1641 1113 1667 τι
1134 1626 1207 1667 καὶ
1229 1627 1333 1677 περὶ
1359 1627 1437 1668 τοῦ
1460 1621 1694 1681 ἀρχιερέως
1709 1621 1803 1679 εΥρ-
1835 1625 1918 1666 282

141 1693 274 1735 κανοῦ
306 1692 490 1746 λέγεται,
520 1694 621 1734 τίνα
641 1688 809 1746 τρόπον
832 1687 951 1747 αὐτῷ
972 1690 1020 1734 τὸ
1044 1695 1173 1735 θεῖον
1207 1692 1270 1742 εἰς
1291 1692 1446 1747 λόγους
1473 1683 1634 1749 ἦλθεν·
1667 1693 1806 1749 φασὶν

140 1759 244 1816 γάρ,
285 1754 355 1802 ὅτι
393 1754 490 1801 κατ’
525 1758 690 1815 ἐκείνην
727 1757 806 1814 τὴν
835 1755 1014 1816 ἡμέραν,
1054 1755 1164 1802 καθ)
1198 1758 1250 1816 ἣν
1291 1760 1333 1803 οἱ
1373 1760 1533 1810 παῖδες
1573 1761 1705 1803 αὐτοῦ
1743 1763 1805 1815 τῷ

141 1827 368 1884 Κυζικηνῷ
400 1827 650 1881 συνέβαλον,
685 1821 817 1876 αὐτὸς
847 1825 892 1869 ἐν
921 1828 985 1882 τῷ
1015 1829 1107 1883 ναῷ
1127 1829 1306 1881 θυμιῶν
1335 1827 1470 1881 μόνος
1501 1821 1562 1870 ὧν
1584 1824 1808 1885 ἀρχιερεὺς

143 1890 344 1938 ἀκούσειε
375 1896 545 1951 φωνῆς,
587 1891 646 1943 ῶς
676 1893 719 1936 οἱ
750 1893 910 1944 παῖδες
943 1891 1075 1937 αὐτοῦ
1106 1894 1378 1953 νενικήκασιν
1409 1891 1573 1951 ἆρτίως
1601 1894 1680 1938 τὸν
1708 1890 1807 1937 Ἀν-

254 1997 272 2040 ἓ
298 1998 361 2031 281
389 2012 432 2024 =
456 1994 538 2030 bell.
559 1994 637 2029 Iud.
662 1994 680 2029 I
705 1997 759 2030 65.

253 2085 619 2122 PFLAMVWELat
630 2085 789 2120 Zonaras
814 2085 831 2119 Ι
855 2095 890 2129 p.
917 2087 994 2120 390.

255 2168 275 2200 2
300 2165 531 2211 πέμψαντες]
557 2144 781 2210 πέμψαντῗσ
803 2164 837 2197 Α
862 2163 1093 2210 πέμψαντασ
1117 2164 1234 2207 MVE,
1260 2175 1328 2200 om.
1354 2165 1424 2199 Lat
1507 2162 1588 2207 τὸν]
1614 2164 1718 2212 πρὸσ
1741 2164 1812 2202 τὸν

140 2221 298 2258 AMWE
367 2216 516 2258 *αὐτὸν
532 2231 600 2256 0111.
619 2220 659 2254 M
729 2222 748 2254 3
773 2219 944 2266 λαθύρου
959 2220 1026 2255 LE
1050 2220 1196 2267 lathyro
1221 2221 1292 2256 Lat
1360 2216 1456 2263 *οὓς
1480 2231 1548 2256 0111.
1576 2222 1602 2255 P
1673 2217 1811 2259 *οἰκού-

143 2291 217 2316 σασ
239 2278 271 2313 L
364 2281 386 2312 4
409 2275 709 2325 *ἐκβεβληκυίησ
725 2276 753 2311 Ρ
845 2276 1126 2320 *ἐξαπέστειλεν
1149 2275 1422 2324 ἐκβεβληκυίασ
1444 2278 1490 2312 tr.
1515 2276 1546 2310 L
1633 2281 1652 2312 5
1678 2274 1736 2320 τὸ]
1764 2274 1812 2315 ὅσ

141 2333 187 2372 τὸ
212 2333 370 2368 AMWE
463 2336 480 2367 ἵ
505 2329 554 2379 μὴ
580 2335 733 2377 τολμῶν
756 2333 788 2367 Ε
881 2329 1085 2380 ἄξιόχρεοσ
1109 2333 1138 2368 F
1234 2336 1252 2368 S
1277 2331 1374 2370 *τὸν
1396 2331 1565 2380 ὗρκανὸν
1588 2333 1618 2367 F
1704 2336 1810 2381 *τῆς]

141 2390 204 2429 ἐπὶ
228 2393 298 2438 τῆσ
311 2389 370 2424 PF
395 2387 457 2426 ἐπὶ
481 2386 548 2436 τὴν
564 2389 596 2424 V
666 2387 908 2435 *σαμάρειαν
923 2389 956 2425 V
1026 2393 1045 2425 9
1070 2390 1333 2434 *πολυορκίαν
1349 2389 1379 2423 F
1451 2385 1665 2427 *άπόλλυεν
1688 2390 1766 2426 PW

145 2451 182 2483 11
210 2443 299 2490 τοὺς
323 2457 390 2482 om.
415 2446 447 2481 E
528 2448 568 2480 12
593 2443 860 2492 *θρασύτερον
883 2466 928 2470 -
953 2449 993 2480 13
1018 2443 1215 2493 διεφθάρη]
1241 2444 1464 2480 aduersariis
1485 2446 1617 2492 fuqam
1641 2447 1812 2482 simulan-

144 2503 239 2540 tibus
255 2506 386 2549 etpost
401 2503 560 2538 reuersis
574 2503 696 2537 statim
715 2502 938 2537 consumitur
954 2501 1024 2536 Lat
1094 2501 1367 2551 *θρασύτεροσ
1383 2503 1456 2537 AM
1527 2506 1811 2550 προσενεχθεὶς]

143 2555 455 2607 άποκρινάμενοσ
478 2558 574 2594 PFV
598 2555 802 2606 συμβαλὼν
826 2558 858 2593 Ε
970 2561 1010 2593 13
1035 2559 1294 2607 *παραχρῆμα
1320 2569 1388 2594 0111.
1414 2558 1448 2594 V
1546 2562 1588 2594 14
1612 2556 1676 2596 *δ’
1700 2560 1768 2596 FV

146 2617 456 2663 φιλοχρηματίας]
479 2610 684 2662 χρημάτων
707 2614 864 2649 AMWE
882 2615 1053 2660 pecuniis
1076 2615 1147 2649 Lat
1247 2617 1316 2652 *τε
1341 2626 1408 2650 om.
1433 2615 1556 2650 AMW
1649 2618 1740 2653 *καὶ
1764 2615 1811 2655 τὰ

143 2691 190 2698 -
203 2675 244 2707 15
259 2673 397 2718 χωρία]
415 2682 494 2707 cum
511 2672 640 2706 uicinis
656 2671 744 2706 locis
760 2671 832 2706 Lat
900 2668 1046 2707 *τᾶλλα
1063 2670 1251 2707 LAMVW
1319 2669 1485 2718 *ταύτην
1497 2672 1544 2705 W
1610 2676 1648 2707 15
1667 2671 1812 2721 *πρού-

148 2730 235 2764 doxa
258 2728 289 2762 L
381 2730 564 2774 φανεριῦσ
588 2725 786 2775 προύδωκε
810 2730 903 2769 (-κεν
926 2726 987 2769 A¹)
1011 2731 1056 2763 tr.
1081 2727 1236 2762 AMWE
1329 2727 1450 2765 *τοὺσ
1474 2728 1668 2765 ἰουὸαίουσ
1690 2729 1722 2764 L

148 2781 388 2831 *σαμάρειαν
410 2784 441 2818 L
516 2786 554 2819 16
579 2782 680 2821 λύειν
703 2783 858 2819 AMWE
928 2781 1111 2820 *ἐδύνατο
1128 2783 1251 2818 AMW
1321 2783 1522 2833 *ἐνιαυτῴἾ
1547 2783 1716 2822 ἕνταυτῶ
1738 2785 1767 2820 Ρ

151 2842 190 2875 17
216 2841 279 2875 καὶ
302 2850 370 2874 om.
395 2840 428 2874 E
524 2842 564 2875 18
589 2837 834 2885 ἐπικλύσιμον
857 2839 890 2874 Ε
989 2837 1074 2887 γὰρ]
1101 2841 1139 2877 δὲ
1162 2839 1228 2875 FE
1325 2843 1365 2876 19
1391 2834 1490 2877 ὥστε
1512 2840 1768 2877 FLAMVWE

150 2892 371 2941 *χαράδραν
393 2895 547 2930 LAMW
684 2897 806 2933 *ποτὲ
829 2906 897 2931 om.
923 2895 954 2930 L
1083 2899 1124 2931 20
1150 2892 1358 2942 *ἅφείλατο
1384 2897 1512 2932 PFLV
1655 2901 1718 2935 καὶ
1743 2909 1812 2934 om.

150 2949 368 2986 FLAMVW
461 2955 500 2987 21
526 2946 654 2998 ἦλθεν]
677 2952 804 2990 ἐλθεῖν
826 2953 866 2987 M
892 2956 926 2987 et
949 2953 972 2988 i.
996 2963 1106 2997 marg.
1132 2953 1164 2986 A
1264 2956 1306 2988 23
1332 2953 1508 2998 *θυμιῶν
1531 2964 1560 2990 s.
1586 2954 1626 2990 Μ
1718 2953 1813 2998 *ὠή

150 3004 205 3044 ὢν
230 3002 250 3043 ὁ
274 3005 427 3042 FLMW
451 3010 486 3043 et
511 3019 554 3043 ex
580 3019 669 3044 corr.
694 3010 728 3043 A
821 3012 864 3044 24
889 3005 1072 3047 *α’κούσιε
1095 3009 1123 3043 Ρ
