2029 3392
566 212 726 257 ANTIQ.
752 211 848 247 IUD.
875 211 961 247 xm
985 214 1162 248 224—228
1187 214 1259 253 (vu.
1278 217 1375 252 2—⁴)
1724 214 1799 252 193

140 329 310 382 δέχεται
342 325 589 382 προθύμως
621 321 752 368 αὐτοῦ
782 323 861 380 την
893 320 1089 376 ἀξίωσιν,
1129 327 1200 368 καὶ
1238 324 1439 381 χρήματά
1472 341 1519 367 τε
1550 324 1696 367 πολλὰ
1729 329 1799 369 καὶ

139 394 308 452 τροφήν
338 403 431 444 τοῖς
460 391 515 435 τὰ
544 394 680 447 Δῶρα
711 390 1038 448 [στρατιώταις]
1071 394 1360 448 πολιορκοῦσι
1392 396 1578 448 πέμψας
1607 392 1684 435 τὸν
1703 390 1801 435 Ἁν-

139 468 285 517 τίοχον
325 457 541 519 ἀφθόνως
580 458 849 517 ἐχορήγησεν,
896 457 956 510 ὡς
1000 463 1086 504 τιῦν
1127 457 1483 516 ἀναγκαιοτάτων
1525 456 1643 516 αύτῷ
1690 460 1803 514 πρὸς

141 528 289 587 ὀλίγον
319 527 471 583 καιρὸν
499 529 710 582 κριθῆναι
743 529 901 585 φίλων.
962 525 984 570 ὁ
1016 528 1096 582 μὲν
1125 527 1207 583 γὰρ
1245 529 1432 586 Τρύφων
1464 527 1508 571 ἐκ
1538 531 1614 586 τῆς
1641 528 1802 583 Δώρας

90 607 110 638 5
140 597 288 656 φυγών
328 597 390 647 εἰς
427 592 678 650 Ἀπάμειαν
715 597 786 639 καὶ
830 596 1024 652 ληφθεὶς
1063 595 1107 638 ἐν
1149 592 1257 653 αὐτῇ
1296 597 1534 654 πολιορκίᾳ
1575 595 1800 653 διεφθάρη

138 664 404 721 βασιλεύσας
435 662 507 720 ἔτη
539 666 655 718 τρία.

254 734 292 774 3.
320 728 367 774 Ὁ
398 725 438 772 δ’
464 727 685 784 Ἀντίοχος
716 727 802 773 ὑπὸ
837 730 1097 782 πλεονεξίας
1126 733 1197 774 καὶ
1232 731 1510 788 φαυλότητος
1546 731 1688 789 λήθην
1718 733 1805 773 τῶν
1836 734 1917 774 225

142 800 186 843 ἐκ
217 803 416 853 Σίμωνος
447 794 567 854 αὐτῷ
599 797 712 853 πρὸς
741 797 820 848 τὰς
848 802 998 855 χρείας
1029 796 1400 856 ὑπηρετηθέντων
1432 799 1698 857 ἐποιήσατο,
1731 802 1803 842 καὶ

141 867 325 921 δύναμιν
365 864 683 922 στρατιωτικὴν
723 866 978 922 Κενδεβαίῳ
1017 866 1249 922 παραδούς
1293 869 1380 909 τῶν
1427 869 1569 924 φίλων
1611 866 1687 909 ἐπὶ
1728 866 1806 922 τὴν

73 942 110 976 10
137 937 215 992 τῆς
256 930 470 984 Ἰουδαίας
515 933 744 991 πόρθησιν
788 935 859 976 καὶ
905 933 982 991 τὴν
1026 938 1227 988 Σίμωνος
1273 930 1439 978 ἅλωσιν
1485 935 1807 986 ἐξαπέστειλεν.

140 1006 288 1056 Σίμων
321 997 361 1043 δ’
388 997 579 1051 ἀκούσας
618 999 696 1056 τὴν
725 996 952 1055 Ἀντιόχου
990 1007 1273 1058 παρανομίαν
1311 1005 1384 1046 καὶ
1415 1002 1712 1057 πρεσβύτερος
1743 996 1805 1044 ὧν
1836 1007 1918 1046 226

138 1066 220 1127 ἤδη
253 1068 374 1124 ὅμως
404 1066 491 1112 ὑπὸ
523 1071 601 1112 τοῦ
631 1068 689 1127 μὴ
723 1069 905 1112 δικαίων
934 1072 1023 1112 τῶν
1054 1066 1163 1127 παρ’
1191 1066 1416 1124 Ἀντιόχου
1444 1074 1684 1126 γινομένων
1705 1087 1807 1126 τυγ-

137 1137 286 1192 χάνειν
317 1139 630 1194 παρορμηθεὶς
659 1139 731 1180 καὶ
761 1139 838 1195 τῆς
870 1134 1041 1194 ἡλικίας
1072 1138 1279 1196 φρόνημα
1308 1147 1504 1194 κρεῖττον
1527 1137 1675 1194 λαβὼν
1707 1155 1805 1181 νεα-

141 1207 270 1256 νικιῦς
301 1201 555 1260 ἐστρατήγει
585 1207 663 1248 τοῦ
694 1206 905 1259 πολέμου.
966 1207 1037 1248 καὶ
1068 1205 1170 1257 τοὺς
1199 1207 1278 1260 μὲν
1307 1207 1416 1257 υἱεῖς
1436 1205 1547 1261 μετὰ
1568 1209 1657 1249 τῶν
1678 1223 1808 1261 μαχι-
1839 1210 1919 1252 227

76 1280 112 1314 15
140 1276 350 1329 μωτέρων
372 1275 683 1328 προεκπέμπει
705 1275 1000 1329 στρατιωτῶν,
1024 1269 1157 1325 αὐτὸς
1179 1274 1225 1317 δὲ
1245 1270 1343 1317 κατ’
1366 1271 1473 1317 ἄλλο
1494 1277 1626 1330 μέρος
1648 1274 1808 1330 προῄει

142 1339 254 1395 μετὰ
283 1342 361 1397 τῆς
392 1340 636 1394 δυνάμεως,
676 1342 749 1384 καὶ
790 1341 983 1392 πολλοὺς
1022 1340 1066 1385 ἐν
1096 1351 1190 1392 τοῖς
1230 1342 1542 1399 φαραγγώδεσι
1572 1345 1660 1385 τῶν
1691 1338 1807 1397 ὀρῶν

143 1407 325 1458 τούτους
370 1407 433 1457 εἰς
479 1407 654 1464 ἐνέδραν
697 1407 976 1465 καταστήσας
1021 1409 1309 1464 διαμαρτάνει
1354 1411 1433 1465 μὲν
1474 1406 1682 1464 οὐδεμιᾶς
1720 1412 1808 1452 τῶν

147 1473 474 1533 ἐπιχειρήσεων,
506 1475 725 1533 κρατήσας
756 1476 802 1518 δὲ
834 1474 908 1519 διὰ
941 1477 1088 1534 πάσης
1117 1480 1204 1521 τῶν
1236 1479 1464 1532 πολεμίων
1485 1477 1530 1520 ἐν
1553 1477 1699 1535 εἰρήνῃ
1731 1476 1809 1520 τὸν

146 1541 306 1585 λοιπὸν
345 1542 546 1600 διήγαγεν
585 1543 760 1599 χρόνον,
802 1543 1104 1600 ποιησάμενος
1140 1546 1213 1587 καὶ
1253 1541 1385 1596 αὐτὸς
1424 1544 1539 1601 πρὸς
1572 1543 1811 1600 Ῥωμαίους

78 1619 115 1652 20
145 1613 407 1665 συμμαχίαν.

259 1682 298 1720 4.
325 1667 453 1733 Ἦρξε
489 1677 569 1732 μὲν
607 1669 682 1721 οὖν
721 1673 832 1721 ὀκτώ
863 1677 920 1720 τὰ
949 1678 1099 1722 πάντα
1128 1682 1216 1723 τῶν
1240 1676 1464 1724 Ἰουδαίων
1496 1679 1591 1738 ἔτη,
1629 1681 1811 1737 τελευτᾷ
1841 1684 1923 1726 228

146 1744 194 1787 δὲ
225 1743 273 1795 ἐξ
301 1742 540 1802 ἐπιβουλῆς
571 1744 615 1788 ἐν
646 1750 883 1802 συμποσίῳ
905 1747 1190 1801 Πτολεμαίου
1220 1750 1299 1791 τοῦ
1318 1750 1517 1804 γαμβροῦ
1547 1747 1708 1804 ταύτην
1730 1744 1807 1790 ἐπ’

147 1807 280 1855 αὐτὸν
312 1816 655 1870 συστησαμένου,
687 1812 737 1864 ὃς
766 1815 838 1856 καὶ
868 1812 946 1870 τὴν
976 1824 1158 1870 γυναῖκα
1189 1811 1325 1858 αὐτοῦ
1353 1817 1427 1859 καὶ
1458 1815 1561 1866 τοὺς
1592 1816 1669 1859 δύο
1701 1825 1811 1859 παῖ-

259 1925 280 1968 ς
307 1926 373 1958 224
397 1941 439 1952 =
464 1924 545 1959 bell.
574 1925 651 1960 Iud.
677 1925 694 1959 1
720 1928 772 1960 50.

259 2013 319 2048 PF
322 2013 544 2049 LAMVWE
554 2015 625 2050 Lat
635 2015 794 2050 Zonaras
818 2015 835 2049 I
859 2027 893 2060 p.
921 2017 998 2050 386.

264 2073 279 2105 l
305 2071 375 2107 *τε
401 2080 468 2106 om.
495 2070 534 2104 M
650 2073 670 2105 2
694 2067 848 2118 τροφὰσ
871 2071 903 2105 E
1020 2069 1079 2113 τὰ]
1105 2069 1172 2118 τὴν
1195 2072 1231 2114 (i.
1257 2083 1329 2108 ras.
1354 2074 1400 2116 A)
1424 2074 1564 2109 AMVE
1687 2073 1814 2121 δώραν

147 2125 255 2162 MVE
265 2126 336 2161 Lat
359 2129 396 2161 et
419 2136 463 2161 ex
487 2137 578 2162 corr.
606 2128 637 2161 A
752 2130 1001 2173 πολιορκοῦσι
1025 2126 1282 2175 στρατιώταισ
1305 2134 1349 2164 tr.
1375 2130 1441 2166 VE
1558 2135 1815 2178 πολυορκοῦσι

147 2182 178 2217 F
270 2179 351 2225 τὸν]
376 2180 480 2230 πρὸσ
503 2183 726 2218 FLAMWE
820 2186 838 2218 3
863 2181 1132 2232 *ἐχωρήγησεν
1155 2185 1184 2219 Ρ
1277 2190 1360 2221 ante
1383 2190 1489 2222 *τῶν
1515 2190 1602 2223 2-3
1626 2188 1693 2223 litt.
1721 2198 1814 2224 eras.

146 2239 180 2273 A
271 2235 625 2286 *ἅναγκαιωτάτων
649 2239 678 2274 Ρ
771 2237 889 2276 αὐτὸν
912 2241 979 2276 VE
1081 2245 1101 2276 4
1124 2243 1266 2288 *φίλον
1290 2242 1506 2278 PFLAMW
1604 2244 1762 2290 *δωρᾶσ
1785 2244 1815 2279 F

147 2297 221 2338 (ex)
245 2295 390 2331 castello
415 2296 507 2331 dora
531 2295 603 2331 Lat
728 2300 747 2331 5
772 2292 906 2342 *ath-37]
933 2296 1026 2344 αὐτῆ
1050 2301 1095 2345 τῆ
1117 2298 1183 2334 FV
1315 2302 1332 2333 7
1358 2299 1380 2333 i.
1406 2309 1515 2343 marg.
1543 2297 1597 2346 ιγ’
1621 2300 1687 2335 LE
1711 2299 1816 2336 XIII

147 2351 218 2386 Lat
309 2351 347 2388 δὲ
371 2351 404 2386 Ε
497 2355 516 2399 S
541 2353 596 2394 ἐκ]
620 2350 664 2388 ἐκ
687 2355 756 2388 τοῦ
780 2352 812 2386 Ε
920 2356 940 2388 9
967 2355 1196 2403 Κενδεβαίῳ]
1220 2356 1428 2402 κενδεβαίω
1453 2358 1524 2391 τινὶ
1548 2356 1737 2392 LAMWE
1747 2356 1819 2392 Lat

147 2407 333 2455 κενδεβέω
357 2408 391 2443 V
497 2411 581 2445 *τῶ
604 2410 703 2455 φίλω
727 2409 761 2444 V
871 2412 911 2445 10
935 2407 1204 2453 *ἐξαπόστειλε
1228 2411 1260 2445 L
1378 2415 1415 2447 11
1444 2412 1482 2449 δὲ
1504 2412 1727 2448 FLAMWE

149 2460 256 2510 *τὴν]
281 2460 349 2510 τὴν
371 2460 446 2500 ὑπὸ
471 2464 502 2499 F
527 2462 595 2511 τὴν
618 2460 686 2502 ὑπ’
710 2465 744 2500 V
837 2467 943 2507 *καὶ1
967 2468 1090 2502 καίτοι
1114 2466 1188 2501 ΑΜ
1211 2469 1349 2512 καίπερ
1375 2468 1455 2503 coni
1549 2466 1614 2511 (ὃν,
1638 2466 1672 2505 (ὂ
1694 2471 1716 2505 i.
1743 2480 1816 2506 ras.

149 2519 190 2555 M
284 2522 324 2554 12
349 2522 506 2558 ὁικαίωσ
529 2521 635 2556 FLM
658 2524 695 2557 et
717 2531 761 2556 ex
786 2532 879 2558 corr.
905 2523 938 2557 A
1030 2522 1134 2569 παρὰ
1159 2523 1351 2559 AMVWE
1448 2527 1486 2559 13
1513 2525 1816 2573 *παρορμηθεὶς]

151 2578 399 2623 παροινηθεὶσ
422 2577 450 2611 Ρ
565 2575 755 2625 φρόνημα,
780 2593 833 2622 μα
858 2579 879 2614 i.
899 2589 969 2614 ras.
993 2580 1033 2615 M
1160 2577 1367 2627 ἀναλαβὼν
1388 2580 1510 2615 AMW
1639 2585 1676 2616 15
1701 2596 1819 2629 προσ-

152 2631 332 2676 εκπέμπει
355 2632 384 2666 Ρ
409 2630 590 2678 ἐκπέμπει
614 2634 804 2669 FAMWE
896 2637 1033 2682 προείη
1056 2636 1084 2670 Ρ
1110 2634 1268 2683 προσήει
1292 2636 1481 2672 LAMWE
1578 2640 1618 2672 16
1643 2638 1819 2686 *φαραγ-

152 2683 286 2733 γώδεσι
317 2708 361 2714 -
395 2693 433 2724 Π
458 2688 628 2734 τούτους]
660 2691 816 2726 uallibus
846 2692 1020 2726 montium
1050 2692 1120 2727 Lat
1266 2695 1380 2730 *ταϊσ
1412 2691 1671 2740 φαραγγόδεσι
1696 2694 1727 2728 L

162 2745 199 2777 17
224 2740 392 2788 τούτους]
417 2756 486 2782 om.
511 2746 583 2782 Lat
605 2746 753 2784 τούτων
776 2747 932 2782 LAMW
965 2744 1105 2785 ἔκτεινε
1129 2746 1293 2785 τούτουσ
1317 2749 1349 2784 Ε
1374 2746 1510 2792 τόποις
1536 2750 1618 2785 coni
1755 2754 1819 2788 καὶ

158 2801 242 2834 ante
266 2799 509 2849 διαμαρτάνει
534 2803 616 2839 add.
641 2803 673 2837 E
791 2805 830 2838 18
855 2800 927 2845 διὰ]
953 2801 1031 2840 ἀπὸ
1055 2804 1178 2840 AMW
1293 2802 1350 2841 διὰ
1375 2825 1421 2831 -
1444 2807 1650 2851 πολεμίων]
1679 2817 1818 2842 omnem

158 2852 313 2889 hostium
337 2876 380 2882 —-
403 2859 603 2894 exercitum
626 2859 698 2894 Lat
769 2861 810 2894 19
835 2856 1007 2907 *διήγαγε
1025 2881 1066 2886 -
1084 2857 1184 2908 πρὸς
1199 2861 1223 2895 i.
1241 2870 1312 2896 ras.
1329 2872 1375 2897 m.
1399 2866 1412 2897 l
1434 2862 1497 2897 sed
1521 2862 1590 2898 alio
1615 2865 1819 2899 atramento

159 2909 193 2945 V
270 2912 310 2945 21
335 2912 359 2947 i.
376 2923 485 2958 marg.
510 2912 559 2950 ιδ’
576 2915 642 2950 LE
666 2913 799 2950 XIIII
816 2914 886 2950 Lat
978 2911 1110 2964 *³H958
1133 2917 1214 2961 μὲν]
1239 2910 1350 2963 ἧρξεν
1366 2918 1428 2953 PV
1444 2912 1531 2965 ἦρξε
1554 2918 1586 2953 F
1657 2921 1700 2954 22
1725 2915 1820 2956 *ἐπ’

160 2975 228 3001 om.
254 2965 288 3001 V
377 2965 528 3013 *αὖτὸν,
554 2968 574 3007 ὸ
601 2981 646 3006 ex
670 2974 701 3007 ὦ
725 2971 756 3005 L
781 2967 885 3008 αὐτῶ
907 2973 941 3008 V

232 3027 373 3062 Iosephus
390 3029 443 3058 111.
1513 3032 1551 3065 13
