2107 3377
317 167 435 204 LXVI
906 167 1082 203 Addenda
1105 170 1142 204 et
1166 168 1399 213 Corrigenda.

319 293 355 327 p.
381 284 460 323 254,
490 284 528 316 1s
553 280 595 318 ἐν
619 277 720 332 ἀνίᾳ]
745 280 787 318 ἐν
812 277 998 327 damona,
1024 280 1068 315 E.

321 365 342 381 ‚,
380 341 456 381 262,
486 341 525 373 18
550 338 596 373 ad
621 340 739 374 ταῦτα
764 337 1081 373 adnotata‘errore
1105 339 1152 375 ad
1175 350 1210 374 u.
1234 342 1273 374 19
1298 339 1458 384 ascripta
1480 342 1575 374 sunt.

321 421 343 437 ‚‚
381 397 457 438 263,
483 397 522 429 21
550 390 586 431 δ’
610 395 717 429 etiam
740 396 772 428 A
798 394 952 430 exhibet.

323 478 344 494 ,‚
381 454 456 494 269,
482 454 502 487 3
536 455 556 495 ᾗ
583 453 757 486 343-351
787 462 859 487 non
883 451 1056 487 adnotaui
1085 451 1228 487 laudari
1251 452 1296 486 ab
1321 452 1480 488 Eusebio
1507 453 1589 488 hist.
1616 452 1704 487 eccl.
1729 451 1766 486 11
1795 455 1844 494 10,
1878 452 1939 498 qui
1971 463 1994 487 a

614 509 746 543 nostris
770 507 952 552 discrepat
975 507 1090 543 hisce:

706 575 741 608 p.
769 566 845 608 269,
870 566 889 598 3
926 565 1064 611 Τρίτον
1093 565 1199 610 incip.
1223 564 1313 599 Eus.
1419 559 1456 601 δ’
1566 568 1584 599 7
1609 562 1796 610 ἐπάρχιον
1912 566 1931 598 8
1956 563 1995 600 δὲ

616 631 695 655 cum
720 620 752 655 E
867 624 886 656 9
911 618 1163 666 ἐνδυσάμενος
1193 631 1274 656 cum
1298 620 1385 656 MW
1502 624 1543 656 13
1576 616 1683 657 οὐδὲν
1707 620 1856 655 Eusebii
1887 619 1993 656 codd.

617 677 758 722 quidam
876 680 917 712 16
939 680 1078 724 θνητῆς
1110 681 1175 724 τῆς
1206 672 1356 724 φύσεως
1473 680 1513 712 18
1539 673 1810 724 α’πεστρέψατο
1845 675 1995 712 Eusebii

619 733 698 769 cod.
722 733 753 767 F
846 729 883 770 δ’
909 728 988 776 οὖν]
1021 734 1061 771 δὲ
1090 734 1239 770 Eusebii
1270 734 1373 769 codd.
1398 734 1543 779 plurimi
1653 737 1692 769 19
1717 730 1787 769 τὸν
1810 735 1995 780 βουβῶνα

617 801 686 826 om.
802 788 863 826 ἐπὶ
889 792 1057 837 σχοινίου
1081 788 1185 833 τινὸς
1217 801 1285 825 om.
1312 801 1392 826 cum
1415 790 1447 825 E
1564 794 1606 826 20
1636 787 1729 827 εἶναι
1756 788 1879 827 αἴτιον
1914 800 1996 825 cum

620 846 708 882 MW
801 849 841 882 23
869 843 1107 894 ἀναθεωρῶν
1132 859 1212 883 cum
1236 847 1357 883 MWE

709 914 744 949 p.
763 906 839 946 270,
858 907 877 939 2
901 906 963 940 καὶ
982 900 1001 940 ὃ
1019 906 1170 950 κληθεὶς
1187 904 1336 939 Eusebii
1353 903 1453 939 codd.
1473 903 1615 947 quidam
1633 913 1713 938 cum
1730 902 1763 938 E
1833 905 1852 937 5
1878 898 1995 939 ταῦθ’

622 973 699 1005 αμα
723 960 784 994 aiii
809 960 910 996 codd.
936 960 1084 995 Eusebii
1110 963 1227 997 ταῦτα
1253 961 1290 997 δὲ
1315 960 1377 995 alii
1400 963 1518 996 ταῦτα
1542 959 1603 995 alii
1695 962 1715 994 9
1740 955 1887 996 σάκκον
1911 969 1992 994 cum

618 1017 757 1052 A¹MW
870 1016 1038 1053 ἱκέτευον
1156 1020 1194 1052 10
1220 1030 1261 1054 τε
1288 1017 1394 1059 Eus.‚
1429 1017 1523 1061 quod
1555 1016 1693 1052 conieci
1809 1018 1849 1052 12
1877 1027 1994 1064 προσ-

620 1076 831 1116 πίπτοντας
855 1083 937 1108 cum
954 1073 1041 1108 MW
1066 1074 1149 1108 fort.
1168 1078 1265 1109 recte
1341 1076 1506 1119 συνεχῶς
1529 1073 1680 1110 Eusebii
1704 1073 1866 1108 codicum
1883 1073 1998 1108 maior

617 1141 702 1175 pars
787 1134 825 1164 15
851 1132 916 1176 τῆς
941 1129 980 1166 δὲ
1003 1132 1199 1176 βασιλείας
1223 1132 1268 1164 tr.
1352 1129 1543 1175 τέσσαρας
1625 1132 1665 1165 18
1691 1125 2000 1177 αὐτοκρατορίας

620 1186 681 1222 fin.
706 1186 899 1221 Eusebius.

329 1269 352 1285 ‚,
391 1245 469 1285 269,
495 1244 536 1278 22
562 1242 733 1289 προσέφυ
755 1242 798 1277 L.
824 1241 989 1277 Dindorf.

328 1326 350 1341 „
390 1301 466 1340 272,
495 1302 535 1334 17
560 1302 629 1336 τοῦ
651 1298 932 1345 κατοιχομένου
956 1300 1078 1341 διδους
1102 1301 1190 1346 τιμῇ
1215 1299 1307 1334 coni.

329 1383 351 1400 „
389 1358 465 1400 281,
494 1358 534 1392 19
560 1352 726 1392 πιστεύει
750 1358 835 1397 (non
860 1352 1044 1397 πιστεύοι)
1070 1355 1120 1390 Μ.

329 1440 350 1457 ,,
388 1415 464 1456 283,
493 1415 529 1448 11
558 1409 603 1449 τὸ
630 1409 746 1460 ἔργον
770 1412 814 1447 A.

329 1496 349 1512 „
387 1471 463 1513 288,
493 1472 532 1504 14
557 1464 776 1516 ούολιγὲσης
799 1470 832 1503 Α
858 1463 1099 1515 ούολιγαίσης
1125 1468 1174 1503 Μ.

330 1554 352 1570 ,,
390 1529 466 1569 292,
497 1529 534 1562 18
559 1522 658 1573 ἔχειν
682 1526 807 1562 melius
832 1526 967 1561 aberat.

330 1609 351 1626 „
390 1586 465 1626 293,
496 1585 533 1619 18
558 1585 736 1631 βερνίκης
761 1584 868 1618 etiam
891 1583 936 1617 A.

331 1666 353 1682 ‚,
390 1642 467 1683 306,
495 1643 533 1675 15
560 1639 704 1688 φαβίσυ
727 1639 871 1685 Iosephi
896 1639 1118 1684 hypomnest.
1147 1638 1243 1683 apud
1271 1638 1488 1674 Fabricium.

331 1723 352 1739 ,‚
391 1699 466 1740 308,
494 1700 535 1732 10
560 1694 676 1742 πεζὴν
699 1696 742 1732 L.
769 1695 935 1731 Dindorf.

332 1779 353 1796 ‚,
391 1755 466 1796 309,
495 1755 535 1788 14
563 1755 676 1801 ΚαβιΊ
700 1750 821 1798 κάμης
844 1751 990 1796 Iosephi
1014 1751 1237 1796 hypomnest.
1263 1751 1360 1796 apud
1386 1751 1602 1788 Fabricium.

333 1836 354 1853 ,‚
391 1812 455 1845 311
480 1810 632 1845 testibus
657 1810 771 1845 exime
795 1808 988 1853 Excerpta.

333 1893 354 1910 „
392 1869 470 1909 312,
495 1870 514 1901 6
542 1869 718 1909 Σαλοῦος
742 1866 897 1901 fortasse
919 1865 1174 1910 reponendum.

335 1950 356 1966 ,‚
393 1926 458 1959 316
484 1925 505 1967 §
523 1926 648 1969 24osq.
674 1933 759 1959 usus
784 1926 839 1958 est
862 1922 1042 1957 Eusebius
1068 1922 1156 1957 dem.
1183 1932 1310 1966 euang.
1349 1922 1433 1958 VIII
1459 1924 1488 1956 2.
1516 1924 1569 1957 73.

335 2007 358 2022 ‚,
395 1982 458 2015 317
486 1982 703 2025 §247—250
729 1990 816 2015 usus
840 1982 894 2014 est
919 1979 1095 2014 Eusebius
1121 1979 1211 2014 dem.
1238 1989 1363 2024 euang.
1390 1980 1479 2015 VIII
1504 1981 1535 2014 2.
1554 1981 1610 2014 93.

335 2064 356 2080 ,‚
393 2039 470 2079 337,
498 2039 538 2071 12
563 2038 762 2085 τιβεριέων
785 2036 892 2071 etiam
917 2035 955 2070 M
979 2036 1132 2071 exhibet.

336 2120 357 2137 ‚,
394 2096 471 2136 340,
499 2098 515 2130 1
542 2092 751 2131 παύσοιντο
778 2093 884 2128 etiam
908 2093 947 2127 M
972 2092 1126 2128 exhibet.

431 2178 439 2194 ,
500 2154 519 2186 5
544 2145 582 2186 δ’
606 2147 924 2196 ὑπεκκομίζοντες
949 2149 1040 2184 coni.

337 2234 358 2250 ,‚
417 2235 438 2250 „
499 2210 540 2242 25
566 2203 611 2243 τὸ
637 2206 888 2254 γεγενημένον
913 2206 950 2240 Μ
976 2216 1057 2241 cum
1083 2206 1139 2241 W.

339 2292 360 2308 „
398 2267 474 2308 341,
502 2267 543 2299 20
569 2266 637 2300 τοῦ
662 2274 729 2298 om.
757 2263 862 2298 etiam
889 2262 938 2298 M.

339 2348 360 2364 „
399 2323 476 2363 342,
502 2323 544 2356 24
570 2320 609 2357 δὲ
632 2321 671 2356 Μ
697 2332 776 2357 cum
801 2321 859 2357 W.

339 2405 360 2421 „
400 2380 477 2420 343,
504 2380 546 2411 20
572 2379 700 2413 πᾶσαν
725 2375 763 2410 Μ
788 2386 868 2411 cum
893 2375 951 2410 W.

338 2461 360 2477 ‚,
398 2436 475 2475 346,
504 2437 543 2469 12
569 2433 689 2468 adnot.
716 2443 850 2477 repone
873 2431 1169 2480 εἰσπεμψάντων
1195 2443 1260 2478 pro
1285 2429 1587 2479 εἰσκεμψάντων.

340 2518 360 2535 ,,
397 2493 475 2533 349,
501 2495 520 2525 6
545 2489 600 2537 δὴ]
625 2490 663 2527 δὲ
685 2489 725 2524 Μ
750 2500 831 2525 cum
858 2490 914 2525 W.

423 2574 445 2590 „
508 2550 546 2581 10
573 2544 891 2594 συναπαγόμενον
916 2547 953 2580 Μ
980 2558 1058 2582 cum
1089 2547 1146 2582 W.

343 2632 364 2648 ,‚
401 2607 477 2646 354,
505 2606 545 2638 24
571 2601 758 2651 νεώτερος
783 2604 874 2641 coni.

340 2689 362 2706 ‚,
398 2664 476 2703 355,
502 2664 544 2696 24
571 2657 591 2697 ὁ
617 2661 749 2707 ἰησοῦσ
775 2660 811 2694 Μ
838 2671 918 2695 cum
943 2661 1000 2696 W.

340 2746 362 2764 ,‚
399 2720 476 2761 356,
503 2720 521 2752 3
547 2718 685 2753 litterae
709 2720 772 2753 καὶ
800 2710 857 2753 ὅτι
882 2713 977 2762 μετὰ
1003 2718 1134 2764 τρίτην
1158 2713 1301 2765 ἡμέραν
1326 2714 1547 2753 καταλιπὼν
1572 2713 1638 2763 τὴν
1662 2718 1697 2752 in
1723 2728 1792 2753 ras.
1823 2718 1860 2753 P.

343 2803 365 2820 „
402 2777 479 2817 357,
508 2777 547 2808 19
572 2784 720 2818 repone:
748 2771 938 2821 ἑξήκοντα.

343 2859 365 2877 ,,
403 2834 468 2867 360
492 2831 613 2866 adnot.
639 2827 804 2873 ,,αύτοὺσ
829 2828 873 2867 τὸ
899 2833 1075 2878 πλῆθοσ“
1100 2831 1146 2866 ad
1170 2843 1205 2866 u.
1235 2835 1271 2866 11
1300 2833 1450 2876 spectat.

345 2915 366 2933 ,‚
404 2891 481 2931 364,
506 2892 525 2923 8
551 2889 813 2935 παρακαλέσαι
839 2887 886 2926 ἄν
909 2902 955 2933 με
981 2887 1084 2935 πρὸσ
1109 2884 1249 2925 αύτοὺσ
1273 2888 1316 2924 A.

345 2972 366 2989 „
404 2948 481 2987 371,
511 2947 548 2979 13
575 2942 635 2981 ἐπὶ
660 2945 742 2981 fort.
769 2945 968 2981 eiciendum
993 2949 1057 2981 est.
