2107 3377
289 154 373 189 LIV
1033 154 1226 189 Praefatio.

293 268 500 324 numeris,
540 269 692 323 quibus
721 269 765 311 in
795 282 891 311 mea
921 267 1107 312 editione
1147 273 1287 323 erunt,
1327 282 1453 323 quam
1490 270 1683 326 proximo
1723 281 1833 312 anno
1872 282 1965 324 pro-

294 337 478 381 dituram
509 351 601 381 esse
632 350 768 392 spero.

408 406 628 449 Postremo
658 404 821 458 gratiae
851 404 1044 458 agendae
1074 409 1171 448 sunt
1200 405 1273 458 eis,
1307 405 1379 460 qui
1415 405 1517 447 mihi
1546 406 1590 448 in
1621 420 1749 461 opere
1779 418 1874 450 meo
1895 409 1970 450 aut

275 475 471 518 ,consilio
505 479 578 516 aut
617 486 748 528 opera
777 472 1012 515 adfuerunt.
1073 479 1114 516 et
1144 473 1228 526 eis,
1268 486 1374 526 quos
1410 473 1495 515 iam
1534 475 1703 529 saepius
1741 473 1969 528 nominaui,

297 556 408 586 nunc
428 541 615 585 addendi
643 545 738 583 sunt
761 540 935 582 Carolus
957 539 1250 594 Castellanius,
1284 541 1566 585 bibliothecae
1587 542 1829 585 Marcianae
1849 555 1969 597 prae-

297 612 452 664 fectus,
494 610 698 652 Driuerus
739 606 1014 662 Oxoniensis,
1057 608 1294 651 Guilelmus
1334 608 1387 651 de
1429 609 1578 652 Hartel
1619 609 1972 665 Vindobonensis‚

297 679 429 721 Iulius
452 677 572 720 Koch
594 676 696 720 olim
718 675 1045 730 Marbu'rgensis,
1076 676 1284 719 Aemilius
1304 677 1475 719 Martini
1497 677 1839 731 Mediolanensis,
1871 677 1973 721 Gui-

299 746 451 789 lelmus
472 746 616 800 Meyer
638 744 940 795 Gottingensis.
985 758 1070 787 non
1100 745 1298 799 exiguum
1328 745 1371 786 in
1401 745 1467 788 his
1499 758 1666 800 quoque
1688 746 1974 789 uoluminibus

298 813 378 856 fuit
416 814 609 856 meritum
641 811 781 854 Caroli
811 811 980 866 Boysen
1010 817 1052 855 et
1083 811 1313 856 Godofredi
1343 812 1519 867 Zedler,
1561 814 1632 867 qui
1672 828 1741 857 me
1775 815 1820 857 in
1850 814 1974 857 corri-

299 881 450 935 gendis
482 887 523 924 et
556 879 776 934 exigendis
806 880 990 934 plagulis
1019 883 1190 923 strenue
1219 880 1484 924 adiuuerunt.
1540 883 1725 924 maxime
1756 894 1856 924 uero
1886 882 1975 924 lau-

302 949 444 992 danda
471 952 535 992 est
562 947 810 991 academiae
832 948 1121 992 Berolinensis
1142 949 1389 1001 liberalitas,
1422 963 1531 1003 quae
1553 950 1779 993 Theodoro
1800 949 1974 992 Momm-

301 1032 377 1061 sen
408 1018 615 1060 referente
647 1016 810 1070 effecit,
848 1024 895 1058 ut
925 1015 1093 1059 codices
1124 1017 1319 1059 Vaticani
1354 1020 1428 1058 147
1464 1023 1506 1061 et
1536 1020 1618 1060 984
1650 1018 1728 1061 toti
1763 1017 1829 1060 his
1860 1017 1975 1061 uolu-

303 1086 486 1129 minibus
517 1085 646 1128 inseri
680 1088 866 1138 possent.

1083 1199 1108 1250 ξ
1138 1200 1202 1240 13.

419 1290 641 1345 Superest,
673 1292 718 1330 ut
748 1293 870 1331 notas
902 1293 944 1331 et
973 1288 1115 1341 signa,
1149 1288 1303 1341 qulbus
1334 1301 1434 1331 usus
1465 1302 1570 1344 sum,
1603 1289 1816 1344 explicem
1845 1289 1984 1334 hisce:

364 1358 406 1399 P
432 1377 487 1391 -ε
518 1356 655 1400 codex
676 1357 898 1400 Palatinus
928 1356 1211 1399 bibliothecae
1235 1356 1464 1400 Vaticanae
1485 1371 1546 1400 nr.
1573 1361 1623 1398 14
1652 1357 1811 1401 saeculi
1835 1358 1926 1401 fere
1944 1358 1987 1402 X

453 1426 816 1468 membranaceus.
869 1423 967 1467 uide
998 1439 1038 1479 p.
1060 1424 1124 1466 ΠΙ
1155 1430 1197 1468 et
1225 1424 1311 1466 XX
1327 1437 1388 1478 sq.

367 1494 406 1534 F
432 1514 487 1527 =
518 1493 653 1536 codex
670 1493 980 1536 Laurentianus
1002 1493 1107 1548 plut.
1126 1495 1191 1547 69,
1211 1495 1262 1534 20
1287 1493 1566 1547 bombycinus
1586 1494 1746 1537 saeculi
1767 1495 1854 1538 fere
1870 1494 1985 1538 XIV.

450 1562 550 1605 uide
581 1577 619 1617 p.
641 1561 675 1603 V
697 1567 739 1604 et
765 1561 920 1603 XXIV.

367 1631 407 1673 L
439 1650 494 1664 =
525 1629 661 1673 codex
691 1629 915 1672 Leidensis
944 1629 980 1670 F
1006 1632 1054 1672 13
1085 1630 1245 1672 saeculi
1277 1630 1365 1672 fere
1386 1629 1449 1671 XI
1480 1630 1842 1674 membranaceus.
1888 1631 1989 1675 uide

452 1713 492 1754 p.
518 1699 552 1741 V
574 1702 615 1741 et
638 1697 793 1740 XXVI.

369 1770 408 1810 A
440 1787 496 1802 =
526 1766 661 1810 codex
694 1765 978 1808 bibliothecae
999 1765 1306 1808 Ambrosianae
1338 1765 1372 1807 F
1395 1768 1470 1807 128
1493 1778 1582 1820 sup.
1615 1766 1786 1809 saeculo
1816 1767 1905 1810 fere
1925 1766 1988 1809 XI

456 1835 639 1889 scriptus
671 1834 1032 1876 membranaceus,
1084 1833 1182 1876 uide
1214 1847 1253 1888 p.
1279 1832 1334 1875 VI
1365 1838 1407 1875 et
1436 1833 1597 1875 XXIX.

371 1906 418 1946 M
447 1923 503 1938 =
533 1902 668 1946 codex
691 1901 935 1944 Medicaeus
967 1901 1251 1944 bibliothecae
1273 1903 1582 1944 Laurentianae
1611 1903 1715 1957 plut.
1739 1904 1792 1945 69
1823 1901 1916 1945 cod.
1941 1906 1989 1945 10

457 1970 616 2015 saeculi
655 1971 743 2012 fere
774 1969 855 2012 XV
885 1969 1144 2013 chartaceus.
1205 1970 1304 2013 uide
1344 1984 1383 2024 p.
1408 1970 1504 2012 VIII
1537 1974 1577 2012 et
1607 1970 1755 2014 XXIX
1793 1975 1836 2013 et
1865 1970 1949 2014 uol.
1971 1971 1993 2014 I

456 2039 589 2095 praef.
622 2052 660 2092 p.
682 2038 815 2080 XVII.

382 2109 419 2150 V
442 2127 497 2141 =
527 2107 663 2150 codex
686 2106 914 2148 Vaticanus
943 2120 1002 2160 gr.
1026 2109 1099 2147 147
1128 2107 1404 2161 bombycinus
1428 2106 1586 2149 saeculi
1621 2106 1706 2149 fere
1730 2107 1842 2150 XIV.
1891 2106 1990 2151 uide

459 2190 496 2231 p.
520 2176 583 2218 IX
613 2180 655 2218 et
685 2175 808 2216 XXV
839 2178 879 2217 ct
910 2175 991 2217 uol.
1016 2175 1034 2216 Ι
1063 2175 1192 2229 praef.
1226 2189 1264 2230 p.
1287 2174 1401 2217 XVI.

385 2246 434 2286 W
461 2263 517 2278 =
548 2243 681 2286 codex
705 2243 932 2286 Vaticanus
953 2257 1013 2298 gr.
1036 2258 1096 2285 nr.
1125 2246 1205 2284 984
1239 2243 1587 2286 membranaceus
1621 2243 1849 2299 rescriptas
1878 2255 1990 2286 anno

459 2326 500 2366 p.
524 2312 619 2355 Chr.
644 2315 822 2354 n.1354.
874 2311 970 2354 uide
1001 2326 1040 2366 p.
1063 2312 1103 2353 X
1135 2317 1176 2354 et
1206 2311 1332 2353 XXX
1364 2317 1405 2353 et
1435 2310 1559 2353 uol.I
1590 2312 1719 2366 praef.
1752 2326 1792 2365 p.
1814 2311 1931 2355 XXI.

375 2382 417 2423 R
449 2401 504 2414 =
535 2379 671 2423 codex
702 2379 860 2433 Regius
882 2379 1096 2422 Parisinus
1126 2393 1186 2433 gr.
1218 2381 1406 2422 nr.1423
1438 2379 1597 2422 saeculi
1628 2381 1716 2422 fere
1737 2379 1838 2422 XIV
1862 2392 1990 2422 mem·

463 2450 711 2492 branaeeus.
763 2446 860 2490 uide
890 2463 929 2503 p.
951 2448 1013 2490 XI
1044 2454 1085 2490 et
1114 2448 1310 2491 XXXIV.

378 2518 421 2559 Ε
451 2537 504 2550 =
536 2518 718 2572 epitome
739 2517 1047 2569 antiquitatum.
1094 2516 1192 2559 uide
1223 2530 1261 2570 p.
1283 2515 1367 2557 XII
1389 2519 1431 2557 et
1451 2514 1615 2557 XXXV
1638 2519 1679 2556 et
1704 2515 1786 2558 uol.
1808 2515 1827 2557 I
1859 2515 1991 2570 praef.

380 2585 788 2707 LolXLssilnterpres
817 2652 1006 2695 Latinus.
1056 2651 1154 2694 uide
1184 2666 1224 2707 p.
1246 2651 1345 2693 XIV
1368 2656 1410 2694 et
1434 2650 1673 2693 XXXVIII.

384 2721 518 2763 Herm.
551 2741 606 2754 =
636 2721 770 2764 codex
793 2720 1163 2775 Hennebergensis
1186 2719 1434 2762 chartaceus
1464 2719 1623 2762 saeculi
1645 2720 1731 2762 t'erc
1753 2719 1844 2762 XV.
1895 2718 1995 2763 uide

386 2789 717 2901 LBpauAtHVosa
750 2876 806 2890 =
837 2856 973 2900 codex
996 2856 1279 2899 bibliothecae
1301 2855 1594 2910 Lugdunensis
1617 2856 1870 2898 Batauorum
1895 2855 1997 2898 Vos-

471 2926 613 2969 sianus
644 2939 703 2979 gr.
732 2926 766 2967 F
790 2930 841 2967 26
874 2925 1120 2969 chartaceus
1151 2924 1308 2968 saeculi
1340 2924 1430 2967 XV.
1484 2924 1580 2968 uide
1611 2939 1650 2979 p.
1682 2925 1765 2967 XII
1797 2927 1839 2967 et
1867 2924 1995 2968 XLV.
