2029 3392
46 949 82 983 10

45 1287 82 1320 15

515 220 678 262 ANTIQ.
704 218 799 255 IUD.
827 218 910 253 XIV
936 222 999 253 255
1014 220 1113 252 -270
1138 221 1184 259 (x.
1204 224 1253 250 νυ.
1271 220 1312 249 xr.
1333 221 1360 256 ι)
1687 216 1765 253 289

113 339 244 388 ἔθνος
277 334 395 394 ἡμῶν
424 336 683 391 γεγενημένα
703 333 773 374 καὶ
797 331 982 374 πόλεσιν
1006 336 1275 389 ψηφίσματα
1296 331 1365 372 καὶ
1389 328 1624 385 γράμματα
1657 329 1769 384 πρὸς

111 405 191 456 τὰς
222 406 323 460 περὶ
354 405 441 445 τιῦν
480 398 698 459 ἡμετέρων
737 399 919 441 δικαίων
957 398 1197 449 ἐπιστολὰς
1237 396 1636 454 ἀντιπεφωνημένα
1675 406 1769 447 τοῖς

112 471 340 531 ἡγεμόσιν,
382 471 481 523 περὶ
513 464 573 509 ιῦν
605 464 814 509 ἁπάντων
847 465 893 516 ἐξ
922 462 981 508 (ὗν
1015 470 1390 520 παρατεθείμεθα
1421 463 1646 507 πιστεύειν
1678 473 1769 514 τοῖς

115 539 489 596 ἀναγνωσομένοις
525 530 574 577 οὗ
612 533 842 588 βασκάνως
882 532 1003 590 ἡμῶν
1042 533 1120 590 την
1162 533 1334 590 γραφην
1375 533 1601 587 πάρεστιν.
1670 531 1766 574 ἐπεὶ
1799 535 1880 574 2456

64 616 84 646 5
113 607 195 664 γὰρ
218 607 371 662 ἐναργῆ
392 605 461 646 καὶ
484 602 737 657 βλεπόμενα
758 601 968 656 τεκμήρια
990 601 1281 654 ιιῑαρεχόμεθα
1303 603 1379 657 της
1402 599 1515 655 πρὸς
1532 596 1771 653 Ῥωμαίους

115 673 216 731 ἡμῖν
247 675 400 731 φιλίας
430 673 662 726 γενομένης
684 668 1004 719 ἐπιδεικνύντες
1026 665 1135 710 αὐτὰ
1155 670 1336 721 χαλκαῖς
1359 667 1539 723 στήλαις
1568 668 1640 709 καὶ
1673 667 1771 709 δέλ-

112 757 205 791 τοις
236 740 279 783 ἐν
308 741 369 795 τῴ
393 739 674 794 Καπετωλίῳ
704 740 828 791 μέχρι
861 739 934 778 νῦν
965 737 1228 790 διαμένοντα
1258 739 1331 779 καὶ
1358 736 1661 789 διαμενοῦντα,
1694 734 1772 792 την

111 810 190 863 μὲν
230 807 408 850 πάντων
449 805 704 861 παράθεσιν
744 802 802 855 ὡς
842 804 1051 862 περιττήν
1091 820 1137 846 τε
1178 798 1269 857 ἅμα
1305 805 1374 846 καὶ
1417 804 1587 858 ἀτερπῆ
1628 819 1772 859 παρῃ-

111 875 321 933 τησάμην,
363 870 518 916 οὐδένα
549 869 590 915 δ’
627 868 765 923 οὕτως
795 869 1021 929 ἧγησάμην
1053 871 1218 923 σκαιόν,
1259 870 1308 921 ὂς
1340 868 1433 924 οὐχὶ
1463 873 1536 913 καὶ
1559 872 1662 925 περὶ
1694 872 1771 925 τῆς
1801 873 1882 912 267

106 941 329 997 Ῥωμαίων
350 938 453 997 ἡμῖν
475 940 704 984 πιστεύσει
720 942 1083 997 φιλανθρωπίας,
1107 934 1176 983 ὅτι
1193 939 1352 996 ταύτην
1369 940 1440 981 καὶ
1460 937 1533 980 διὰ
1552 937 1772 981 πλειόνων

113 1008 393 1060 ἐπεδείξαντο
425 1008 538 1064 πρὸς
569 1005 682 1064 ἡμᾶς
714 1008 964 1064 δογμάτων,
999 1009 1072 1050 καὶ
1104 1004 1217 1064 ἡμᾶς
1249 1002 1323 1060 οὐχ
1354 1004 1638 1064 ὑπολήψεται
1670 1007 1774 1060 περὶ

111 1074 172 1120 ὦν
203 1075 316 1120 εἶναί
346 1093 491 1134 φαμεν
522 1073 759 1133 ἀληθεύειν
791 1076 838 1127 ἐξ
865 1071 926 1119 ὦν
966 1075 1266 1130 ἐπεδείξαμεν.
1326 1073 1404 1132 τὴν
1442 1074 1521 1128 μὲν
1553 1064 1628 1116 οὖν
1660 1071 1774 1128 πρὸς

107 1143 344 1200 Ῥωμαίους
376 1146 530 1202 φιλίαν
561 1146 632 1187 καὶ
666 1148 914 1199 συμμαχίαν
945 1140 1040 1186 κατ’
1085 1142 1273 1192 ἐκείνους
1311 1141 1413 1192 τοὺς
1442 1140 1621 1197 καιροὺς
1651 1157 1773 1196 γενο-

111 1217 243 1270 μένην
274 1212 590 1270 δεδηλώκαμεν.

225 1282 300 1324 XI.
335 1285 371 1323 1.
403 1283 566 1337 Συνέβη
600 1276 641 1321 δ’
680 1276 764 1322 ὑπὸ
797 1278 874 1321 τὸν
906 1275 1036 1321 αὐτὸν
1074 1276 1225 1330 καιρὸν
1260 1279 1538 1332 ταραχθῆναι
1570 1275 1624 1319 τὰ
1663 1275 1773 1319 κατὰ

114 1349 191 1405 τὴν
214 1352 376 1402 Συρίαν
407 1347 454 1399 ἐξ
484 1348 630 1398 αἰτίας
660 1346 886 1403 τοιαύτης·
919 1346 1096 1396 Βάσσος
1118 1347 1348 1395 Καικίλιος
1379 1344 1441 1394 εἷς
1461 1347 1548 1387 τῶν
1569 1343 1623 1387 τὰ
1646 1348 1775 1398 Πομ-

116 1421 251 1474 πηίου
283 1415 563 1473 φρονούντων
594 1414 832 1472 ἐπιβουλὴν
863 1416 1044 1464 συνθεὶς
1075 1412 1148 1456 ἐπὶ
1172 1412 1359 1463 Σέξστον
1382 1417 1589 1467 Καίσαρα
1618 1416 1776 1455 κτείνει

115 1485 193 1539 μὲν
227 1484 400 1536 ἐκεῖνον,
433 1480 564 1534 αὐτὸς
595 1483 640 1526 δὲ
671 1481 719 1526 τὸ
755 1482 1003 1537 στράτευμα
1036 1477 1168 1524 αὐτοῦ
1190 1479 1463 1536 παραλαβών
1489 1479 1659 1535 ἐκράτει
1688 1481 1777 1521 τῶν

118 1551 409 1607 πραγμάτων,
451 1550 646 1604 πόλεμός
684 1567 731 1593 τε
760 1554 895 1606 μέγας
926 1550 1028 1603 περὶ
1064 1548 1141 1605 την
1180 1543 1428 1602 Ἀπάμειαν
1469 1550 1651 1603 συνέστη
1690 1548 1777 1588 τῶν

118 1623 344 1675 Καίσαρος
384 1621 636 1676 στρατηγῶν
684 1613 757 1660 ἐπ’
803 1613 935 1660 αὐτὸν
977 1616 1201 1659 ἐλθόντων
1241 1615 1352 1670 μετά
1392 1632 1440 1658 τε
1488 1615 1664 1658 ἱππέων
1702 1616 1777 1657 καὶ

118 1687 251 1743 πεζῆς
282 1686 518 1740 δυνάμεως.
578 1684 751 1736 τούτοις
782 1685 829 1727 δὲ
858 1687 931 1728 καὶ
961 1680 1254 1739 Ἀντίπατρος
1295 1686 1544 1737 συμμαχίαν
1576 1682 1777 1737 ἔπεμψεν

117 1753 227 1809 μετὰ
256 1756 344 1796 τῶν
382 1756 542 1796 τέκνων
581 1752 690 1795 κατὰ
728 1752 898 1811 μνήμην
941 1749 1000 1795 (ὗν
1040 1747 1390 1808 εὐεργετήθησαν
1427 1747 1516 1793 ὑπὸ
1550 1754 1778 1804 Καίσαρος

116 1823 189 1864 καὶ
222 1820 294 1864 διὰ
326 1824 455 1864 τοῦτο
477 1830 686 1876 τιμωρεῖν
708 1816 825 1876 αὐτῷ
846 1821 919 1863 καὶ
942 1820 1062 1877 δίκην
1084 1818 1208 1875 παρὰ
1229 1820 1307 1861 τοῦ
1329 1817 1655 1875 πεφονευκότος
1687 1816 1778 1860 εἷσ-

118 1889 383 1945 πράξασθαι
415 1890 584 1932 δίκαιον
609 1886 858 1946 ἡγούμενος.
906 1887 1214 1953 χρογιζομένου
1237 1886 1284 1929 δὲ
1305 1888 1382 1929 τοῦ
1403 1886 1601 1939 πολέμου
1623 1886 1777 1938 ,Μοῦρ-

231 2026 251 2066 ,δ
276 2027 342 2060 268
365 2041 409 2053 =
433 2024 514 2060 bell.
539 2024 617 2059 Iud.
642 2025 659 2059 I
683 2025 761 2059 216.

230 2137 543 2172 PFLAMVELat
555 2137 713 2171 Zonaras
736 2136 754 2170 I
778 2147 813 2180 p.
839 2139 917 2172 407.

234 2197 253 2228 2
278 2195 364 2240 περὶ
388 2203 455 2228 om.
482 2193 514 2227 V
584 2195 602 2227 3
630 2189 817 2238 ἣγεμῶσιν
841 2192 868 2226 Ρ
953 2189 995 2234 ἐξ
1016 2185 1081 2231 ὦν]
1107 2187 1177 2234 ἔξω
1201 2191 1229 2225 Ρ
1323 2193 1344 2224 4
1369 2185 1783 2236 α’ναγνωσθησομένοισ

121 2250 148 2284 Ρ
247 2255 334 2286 τοῖσ
358 2245 402 2286 οὗ
426 2246 635 2296 βασκάνωσ
658 2245 764 2294 ἡμῶν
789 2243 1126 2294 α’ναγνωσομένοισ
1149 2251 1194 2282 tr.
1219 2247 1249 2281 F
1276 2253 1360 2283 τοῑσ
1386 2243 1429 2284 οὐ
1454 2243 1663 2292 βασκάνωσ
1688 2244 1782 2282 ἀνα-

121 2306 382 2352 γνωσομένοισ
405 2302 512 2351 ἡμῶν
536 2307 580 2339 tr.
606 2305 711 2339 LAM
813 2301 974 2351 γραφὴν]
1001 2300 1220 2350 συγγραφὴν
1242 2303 1414 2338 FLAMV
1506 2301 1599 2343 ἐπεὶ]
1624 2300 1685 2337 ἐπὶ
1710 2301 1738 2334 P

123 2364 142 2396 5
167 2360 320 2408 ἐναργῆ]
344 2360 485 2408 ἐναρχῆ
508 2361 581 2399 AM
650 2357 915 2406 παρεχόμεθα]
941 2358 1235 2408 προσδεχόμεθα
1257 2360 1285 2394 Ρ
1363 2362 1382 2392 6
1405 2356 1686 2400 ἐπιδεικνύντες]
1704 2355 1785 2393 ἐπεὶ

123 2420 186 2455 καὶ
201 2420 412 2455 δεικνῦντεσ
428 2417 455 2452 P
527 2421 544 2452 7
562 2418 781 2454 καπιτωλίω
800 2416 827 2450 Ρ
898 2419 916 2452 8
943 2413 995 2459 ὡς
1012 2428 1080 2452 om.
1099 2417 1126 2451 P
1198 2421 1217 2452 9
1245 2412 1299 2459 ὃς]
1325 2412 1376 2458 ὡς
1393 2416 1473 2450 coni
1542 2417 1605 2451 καὶ
1622 2425 1688 2449 om.
1707 2413 1738 2447 V

126 2477 168 2509 10
192 2471 391 2516 πιστεύσει]
417 2475 613 2510 πιστεῦσαι
636 2473 664 2507 Ρ
688 2473 771 2508 fort.
789 2475 888 2508 recte
978 2470 1200 2519 nsttdevL
1295 2476 1334 2508 11
1360 2469 1608 2518 ὑπολήψεται]
1632 2467 1783 2507 ὑπολεί-

125 2532 268 2576 ψεσθαι
290 2530 319 2565 Ρ
415 2533 455 2565 12
480 2525 701 2576 άληθεύσειν
723 2529 752 2563 Ρ
855 2526 1097 2575 ἐπεδειξάμην
1121 2529 1151 2563 L
1261 2532 1300 2565 15
1326 2529 1364 2566 δὲ
1389 2528 1420 2563 Ε
1516 2530 1556 2562 16
1580 2523 1786 2571 *τοιαύτης

125 2595 192 2621 om.
218 2587 247 2621 L
361 2583 516 2633 *βάσοσ
540 2587 567 2620 Ρ
594 2580 728 2632 Ιάσσοσ
751 2587 790 2632 (β
814 2595 882 2620 om.
907 2585 1123 2627 rubricator)
1147 2584 1176 2619 F
1310 2586 1514 2626 Καικίλιος]
1538 2583 1666 2619 κε’)ιοσ
1690 2582 1784 2617 PFV

125 2642 287 2678 κικίλιοσ
309 2641 416 2677 LAM
438 2643 622 2679 κικίλλιοσ
647 2643 679 2677 Ε
703 2641 873 2676 caecilius
895 2641 968 2676 Lat
990 2643 1155 2683 κεκίλιος
1180 2641 1234 2676 ed.
1260 2652 1313 2685 pr.
1416 2642 1524 2676 *τῶν
1548 2636 1606 2680 τὰ]
1634 2635 1680 2675 τὰ
1707 2641 1784 2674 τῶν

126 2696 157 2731 L
312 2702 350 2733 17
382 2696 623 2746 *ἐπιβουλὴν1
656 2693 870 2744 ἐπεμβολὴν
900 2697 1028 2732 PFLV
1187 2697 1349 2733 σε’κστον
1378 2696 1476 2730 FLA
1507 2695 1639 2738 σε’ξτον
1662 2695 1696 2729 V

129 2752 246 2796 σὲξτω
269 2755 422 2802 καίσαρι
447 2757 504 2797 (ex
529 2755 660 2798 σε’ξτου
684 2755 826 2799 καίσαρ
853 2757 956 2796 corr.)
982 2754 1060 2789 cod.
1086 2753 1197 2788 Busb.
1223 2753 1254 2788 E
1365 2755 1407 2787 20
1432 2747 1508 2794 ἐπ’]
1534 2748 1637 2798 πρὸσ
1661 2751 1694 2786 Ε

130 2803 195 2844 ἐπ’
219 2829 261 2834 -
286 2812 324 2844 21
353 2805 543 2855 δυνάμεως
566 2821 634 2846 om.
660 2811 730 2844 Lat
833 2806 963 2853 αὐτὸν]
990 2804 1115 2846 αὐτῶν
1139 2809 1166 2843 Ρ
1257 2802 1354 2853 μετά
1379 2822 1420 2845 τε
1444 2807 1600 2850 ἳππέων]
1625 2805 1721 2852 μετά
1745 2821 1786 2844 τε

127 2860 256 2900 ἵππων
285 2865 313 2899 Ρ
344 2863 439 2910 μετὰ
476 2866 649 2904 ἱπποτῶν
680 2865 820 2901 LAMV
850 2864 946 2909 μετὰ
976 2864 1158 2902 ἳππωτῶν
1187 2864 1218 2899 F
1374 2867 1416 2899 22
1450 2860 1787 2911 εὖεργετηθείησαν

130 2918 333 2956 FLAMVE
444 2919 532 2966 ὑπὸ]
556 2920 629 2960 ὑπὸ
655 2925 723 2959 τοῦ
747 2922 779 2957 Ε
908 2923 948 2956 23
973 2923 1037 2957 καὶ
1061 2924 1157 2963 (ante
1180 2920 1251 2964 διὰ)
1276 2932 1344 2957 om.
1370 2920 1403 2956 E
1524 2924 1567 2955 24
1593 2922 1786 2967 Μοῦρκος]

130 2974 211 3010 bell.
236 2975 313 3011 Iud.
340 2977 573 3014 casaubonus
597 2976 750 3025 μάρκοσ
776 2978 878 3014 codd.
904 2977 1017 3013 ELat

199 3036 337 3071 Iosephus
354 3037 407 3066 111.
1475 3036 1515 3068 19

1805 1277 1886 1318 268

1807 1683 1889 1724 269

1809 1886 1890 1926 270
