2029 3392
83 933 119 965 10

81 1271 117 1304 15

601 203 760 248 ANTIQ.
787 203 881 239 IUD.
909 203 993 238 XIII
1027 207 1197 241 156-101
1224 207 1266 247 (V.
1287 211 1314 236 6.
1333 208 1362 246 τ)
1737 206 1813 242 179

153 317 356 368 ἱστάντος
395 319 462 360 καὶ
507 317 648 372 ’πολλῇ
690 317 863 373 σπουδῇ
898 320 1123 371 χρωιιιένοι·
1172 319 1272 373 περὶ
1319 317 1398 376 τὴν
1435 320 1512 374 τῆς
1556 319 1812 372 Ιίεθσοί-ρου

153 386 413 440 πολιορκίαν
443 385 616 427 ἔδεισαν
656 385 694 426 οἱ
730 388 937 440 φρουροί,
977 383 1035 439 μί,Ι
1069 385 1178 428 κατὰ
1210 386 1368 440 κράτος
1399 385 1706 439 ἐξαιρεθέντος
1737 387 1813 427 τοῦ

149 457 311 507 χωρίον
343 454 672 508 διαφθαρῶσιν,
712 455 972 505 πέμψαντες
1012 451 1125 506 πρὸς
1162 453 1239 495 τὸν
1270 457 1450 507 Σίμωνα
1482 450 1629 509 ἠξίουν
1660 448 1814 507 ὅρκους

152 522 371 574 λαβόντες,
403 515 516 562 ὥστε
544 519 679 576 μηδὲν
713 517 789 561 ὑπ’
819 516 950 561 αὐτοῦ
982 525 1165 571 παθεῖν,
1196 522 1458 563 καταλιπεῖν
1479 520 1528 562 τὸ
1549 524 1710 574 χωρίον
1739 522 1812 563 καὶ

151 587 264 643 πρὸς
293 587 545 645 Δημήτριον
579 584 812 629 άπελθεῖν.
873 584 894 629 ὁ
930 587 975 629 δὲ
1007 586 1110 637 δοὶς
1149 588 1312 638 ταύτας
1343 586 1494 638 αι’«τσῑς
1525 587 1604 638 τὰς
1636 592 1812 637 πίστεις

151 655 347 710 ἐκβάλλει
378 655 457 709 μὲν
489 655 677 703 ἐκείνοι-ς
709 653 753 697 ε’·κ,
774 656 851 711 τῆς
873 653 1059 705 πόλεως,
1093 651 1224 706 αὐτὸς
1247 656 1291 698 δὲ
1315 655 1514 712 φρουρὰν
1545 658 1813 712 καθίστησιν

151 723 281 767 ἰδίαν.

263 794 300 832 7.
326 784 540 846 Ἰωνάθης
579 789 625 831 δὲ
665 785 776 843 α’ρας
815 789 858 831 ἐκ
896 792 973 846 τῆς
1008 791 1248 840 Γαλιλαίας
1280 787 1370 832 ἀπὸ
1403 793 1490 832 τῶν
1523 788 1692 833 ὑδάτων
1723 793 1811 834 τῶν

152 856 409 914 Γενησάρων
441 858 697 912 λεγομένων,
730 856 817 900 ἐκεῖ
845 856 928 913 γάρ
961 856 1187 913 ἐτύγχανεν
1209 857 1632 911 ἐστρατοπεδευκώς.
1666 859 1729 909 εἰς
1758 859 1808 901 τὸ

148 924 413 979 καλούμενον
440 921 583 980 Ἀσὼρ
615 925 771 968 πεδίον
803 927 1033 983 προῆλθεν
1065 921 1140 968 οὐκ
1172 925 1301 976 εἰδώς
1332 922 1462 976 ὄντας
1494 925 1538 968 ἐν
1571 924 1678 982 αι’-τῇ
1709 925 1813 977 τοὺς

148 993 401 1046 πολεμίους.
460 992 686 1046 μαθόντες
717 992 764 1034 δὲ
795 991 883 1047 πρὸ
916 995 1022 1046 μιᾶς
1052 990 1216 1051 ἡμέρας
1248 994 1290 1036 οἱ
1320 996 1399 1036 τοῦ
1420 997 1677 1051 Δημητρίου
1707 996 1812 1048 μέλ-

148 1062 237 1104 λειν
265 1056 478 1117 Ἰωνάθην
511 1056 588 1103 ἐπ’
616 1056 773 1110 αὐτοὺς
802 1059 998 1114 βαδίζειν
1029 1060 1206 1115 ἐνέδραν
1239 1057 1357 1118 αι’·τῷ
1378 1063 1449 1104 καὶ
1474 1062 1577 1112 τοὺς
1605 1062 1812 1119 λοχήσον-

145 1145 225 1179 τας
257 1127 301 1171 ἕν
330 1130 393 1184 τῷ
424 1125 518 1184 ὄρει
549 1132 817 1178 καθίσαντες
849 1124 973 1171 αὐτοὶ
1012 1127 1124 1183 μετὰ
1161 1131 1238 1187 τῆς
1269 1132 1480 1182 στρατιᾶς
1512 1126 1719 1185 ἀπήντων
1751 1130 1814 1180 εἷς

146 1197 195 1241 τὸ
229 1198 406 1241 πεδίον·
448 1195 523 1247 οὓς
554 1194 660 1238 ἰδών
692 1192 714 1238 ὁ
742 1191 957 1253 Ἰωνάθης
987 1195 1190 1250 ἑτοῖμοι-ς
1221 1196 1336 1252 πρὸς
1365 1197 1506 1254 μάχην
1538 1198 1811 1250 παρεσκευά-

149 1263 243 1316 ζετο
274 1266 346 1308 καὶ
378 1259 512 1313 αὐτὸς
542 1262 644 1313 τοὺς
676 1263 817 1314 ἰδίους
849 1263 1122 1319 στρατιώτας
1153 1263 1265 1319 πρὸς
1295 1264 1372 1307 τὸν
1405 1261 1573 1321 άγιῦνα,
1616 1263 1676 1316 ώς
1705 1262 1811 1324 ἠδύ-

150 1349 266 1375 νατο.
325 1334 412 1374 τιῦν
444 1331 491 1374 δὲ
522 1330 586 1382 εἷς
605 1329 683 1387 τὴν
707 1330 884 1385 ἐνέδραν
904 1329 992 1374 ὑπὸ
1017 1334 1104 1373 τῶν
1124 1336 1381 1389 Δημητρίου
1405 1335 1655 1389 στρατηγῶν
1675 1350 1811 1376 κατα·

147 1403 402 1443 σταθέντων
422 1398 533 1442 κατὰ
557 1399 695 1442 νώτου
717 1408 810 1450 τοῖς
828 1396 1057 1450 Ἰουδαίοις
1077 1403 1332 1455 γενομένων,
1357 1401 1580 1451 δείσαντες
1599 1400 1658 1458 μὴ
1680 1404 1810 1455 μέσοι

147 1469 393 1524 ληφθέντες
424 1463 697 1517 ἀπόλωνται,
730 1467 907 1523 φεύγειν
938 1467 1158 1525 ὥρμησαν.
1220 1471 1292 1512 καὶ
1325 1469 1367 1511 οἱ
1397 1469 1476 1522 μὲν
1499 1466 1627 1512 ἄλλοι
1647 1469 1812 1520 πάντες

146 1535 222 1578 τὸν
248 1531 462 1591 Ἰωνάθην
492 1535 744 1585 κατέλιπον,
785 1530 928 1590 ὀλίγοι
970 1535 1018 1577 δέ
1056 1552 1172 1586 τινες
1207 1533 1267 1586 (ὃς
1298 1539 1399 1592 περὶ
1434 1536 1705 1592 πεντήκοντα
1734 1536 1812 1581 τὸν

146 1599 342 1657 ἀριθμὸν
372 1599 626 1656 ὑπέμειναν,
659 1603 731 1644 καὶ
763 1605 984 1653 ,Ματθίας
1015 1601 1037 1645 ὁ
1069 1599 1340 1658 Ἀψαλώμου
1370 1607 1444 1648 καὶ
1471 1601 1636 1655 Ἰούδας
1666 1602 1688 1648 ὃ
1712 1610 1810 1648 Χα-

148 1673 259 1724 ψέου
289 1672 366 1727 τῆς
398 1666 578 1726 ἁπάσης
609 1669 834 1723 δυνάμεως
863 1667 1071 1726 ἡγεμόνες
1102 1667 1245 1721 ὄντες·
1278 1673 1506 1730 τολμηρῶς
1537 1673 1582 1715 δὲ
1605 1676 1678 1716 καὶ
1699 1673 1809 1727 μετὰ

145 1733 441 1794 ἀπογνώσεως
473 1736 536 1787 εἷς
564 1735 668 1787 τοὺς
698 1738 941 1791 πολεμίους
971 1734 1193 1790 ὠσάμενοι
1223 1741 1286 1795 τῷ
1317 1756 1365 1782 τε
1394 1740 1561 1795 θάρσει
1591 1743 1810 1793 κατέπλη-

256 1871 277 1915 §
305 1872 367 1905 156
395 1888 433 1899 τ
464 1869 677 1905 1.Maccab.
703 1870 756 1904 XI
782 1872 836 1904 66.

256 1982 621 2018 PFLAMVWELat
635 1982 797 2017 Zonaras
821 1983 838 2017 I
863 1994 897 2028 p.
925 1985 1001 2018 382.

262 2043 272 2074 l
302 2042 400 2084 περὶ]
426 2038 529 2085 πρὸσ
553 2039 581 2073 Ρ
673 2042 737 2085 τῆς
762 2050 829 2076 om.
853 2040 978 2075 AMW
1070 2035 1314 2087 βαιθσοὺρασ
1337 2042 1366 2075 F
1390 2040 1614 2090 βεθσοῦρασ
1639 2051 1697 2084 (ex
1720 2044 1809 2091 βέθ-

145 2108 273 2140 σωρου
289 2106 381 2131 corr.
399 2097 444 2138 A)
461 2095 601 2130 LAMV
617 2093 824 2143 βεθσώρου
842 2095 888 2129 W
913 2095 1082 2131 bessurae
1106 2099 1142 2131 et
1165 2097 1359 2133 bethsurae
1384 2099 1486 2135 codd.
1512 2099 1582 2134 Lat
1654 2104 1672 2135 2
1698 2104 1810 2137 πολὺ

145 2153 279 2197 ορκίαν
296 2152 324 2186 F
395 2154 414 2186 3
439 2152 700 2199 *πέμψαντες]
716 2155 779 2188 καὶ
797 2152 1021 2198 πέμψαντεσ
1038 2155 1115 2193 (καὶ
1131 2154 1247 2198 suppl.
1267 2165 1313 2189 m,
1335 2158 1350 2190 1
1369 2156 1402 2189 A
1419 2166 1510 2190 eras.
1530 2156 1580 2195 M)
1597 2156 1765 2192 PFLAM

145 2205 254 2254 πρὸς]
273 2202 341 2244 οὖν
363 2205 466 2255 πρὸσ
481 2209 527 2243 W
596 2212 617 2243 4
641 2208 911 2244 *καταλειπεῖν
929 2209 955 2242 Ρ
1025 2213 1275 2246 *καταλιπεῖν
1292 2224 1333 2247 τε
1350 2208 1395 2247 τὸ
1420 2212 1502 2253 (litt.
1521 2226 1556 2248 ιν
1572 2226 1613 2249 τε
1631 2210 1676 2248 τὸ
1695 2213 1718 2249 i.
1735 2224 1807 2248 ras.

145 2274 237 2300 corr.
261 2265 308 2305 A)
331 2264 407 2299 AM
510 2266 761 2302 *καταλιπεῖν
785 2285 826 2290 —
854 2268 873 2298 5
899 2261 1082 2302 ἀπελθεῖν
1105 2277 1173 2301 om.
1200 2267 1247 2301 W
1356 2272 1374 2301 5
1401 2266 1551 2310 ταύτας]
1577 2280 1644 2303 om.
1671 2270 1702 2303 E
1729 2273 1811 2313 post

144 2322 288 2362 πίστεις
311 2324 356 2356 tr.
381 2320 412 2354 L
540 2324 559 2356 8
585 2322 828 2363 *Γαλιλαιάς1
852 2321 1026 2358 lou-daim
1050 2321 1089 2356 Μ
1226 2326 1245 2358 9
1270 2327 1491 2370 γενησαρῶν
1514 2325 1542 2359 P
1567 2324 1810 2371 γεννησάρων

144 2376 329 2411 FLAMW
353 2375 621 2424 γεννησσάρων
645 2377 676 2412 V
700 2378 922 2423 qenaisaron
945 2377 1016 2411 Lat
1119 2376 1300 2425 ἐτύγχανε
1325 2378 1664 2426 στρατοπεδευκὼσ
1688 2381 1718 2415 F

148 2458 188 2490 10
212 2450 340 2501 Ἀσὼρ]
362 2432 466 2501 ‘Eadm
491 2456 521 2490 L
547 2451 666 2500 άσὼρ,
691 2452 721 2492 ὠ
747 2466 840 2492 corr.
866 2466 909 2490 ex
935 2459 980 2492 οῦ
1003 2456 1076 2492 uid.
1102 2458 1135 2490 A
1159 2454 1292 2507 ἆσσώρ
1315 2459 1355 2494 Μ
1475 2456 1581 2506 αὐτῇ]
1607 2457 1710 2509 αὐτῷ
1733 2461 1765 2496 V

147 2514 188 2547 12
213 2509 312 2549 *τὸν
335 2509 505 2558 ἰωνάθην
527 2512 651 2547 AMW
787 2510 1058 2558 *λοχήσαντασ
1081 2513 1217 2550 PFMV
1355 2519 1396 2551 14
1424 2515 1444 2551 ὁ
1469 2527 1537 2551 om.
1563 2517 1719 2551 AMWE

145 2566 479 2613 *παρεσκευάζετο
504 2589 547 2593 -
576 2573 616 2604 15
642 2565 817 2614 ἦὸύνατο]
844 2568 1061 2603 hortabatur
1085 2580 1172 2605 suos
1195 2571 1266 2605 Lat
1346 2575 1383 2606 15
1409 2568 1552 2615 *αὐτὸς
1577 2583 1644 2608 om.
1669 2573 1729 2608 PF
1732 2573 1763 2608 L

145 2622 407 2671 *στρατιώτας
431 2635 500 2660 om.
525 2625 556 2659 F
627 2621 679 2668 ὠς
703 2621 864 2671 ἠδύνατο
890 2636 958 2660 om.
985 2625 1018 2659 E
1097 2622 1272 2672 ἠδύνατο]
1297 2625 1453 2664 ἐδύνατο
1479 2629 1601 2663 AMW
1627 2625 1784 2675 ἠδύνατο
1797 2630 1812 2675 ΙΙ

147 2678 335 2726 παρώρμα
359 2681 390 2716 L
498 2685 540 2716 16
565 2684 643 2718 τῶν
666 2685 763 2723 (ante
788 2684 904 2728 Δημ.)]
930 2684 999 2718 τοῦ
1021 2681 1052 2715 F
1077 2685 1155 2718 τῶν
1178 2687 1247 2720 τοῦ
1270 2683 1301 2717 L
1406 2688 1444 2720 18
1472 2681 1706 2722 ἀπολοῦνται
1730 2687 1762 2721 Ε

154 2739 191 2772 19
209 2737 461 2774 *κατέλειπον
477 2738 506 2773 P
576 2741 618 2774 20
635 2735 866 2783 *ὑπέμειναν
883 2749 915 2773 n.
934 2741 973 2772 19
989 2740 1073 2781 post
1089 2751 1188 2781 τινες
1203 2744 1246 2775 tr.
1261 2740 1295 2774 V
1362 2742 1509 2784 μαθιάσ
1527 2741 1571 2775 W
1587 2743 1811 2786 ματταθίασ

149 2792 182 2827 Ε
252 2789 272 2829 ὃ
298 2789 504 2840 άψαλαμου
519 2794 548 2829 P
575 2790 595 2831 ὃ
614 2791 800 2841 ψαλώμου
818 2794 890 2828 ΑΜ
917 2790 937 2830 ὁ
958 2797 1145 2839 ψαλωμοῦ
1160 2795 1208 2829 W
1224 2796 1355 2831 salomi
1377 2796 1523 2842 (salomi
1545 2798 1621 2833 cod.
1641 2798 1808 2843 Neap01.>

148 2847 219 2882 Lat
288 2844 308 2884 ὁ
335 2850 508 2896 Χαψέου]
535 2846 555 2887 ὁ
579 2852 753 2897 χαψαίου
777 2848 812 2892 (ὁ
832 2861 875 2885 ex
894 2847 924 2886 ὡ
943 2860 1048 2892 corr„
1074 2852 1114 2887 ιιί
1133 2852 1155 2886 i.
1174 2861 1243 2886 ras.
1265 2861 1356 2886 corr.
1375 2853 1420 2892 A)
1442 2852 1615 2889 FLAMV
1639 2850 1810 2901 ιῖχεψεοῦ

149 2903 194 2935 W
220 2901 368 2950 ohapsei
387 2905 459 2941 Lat
565 2910 605 2942 21
631 2910 829 2953 τολμηρῶς
853 2907 903 2948 δὲ]
929 2905 966 2942 οἳ
990 2910 1192 2953 τολμηρῶσ
1214 2907 1404 2943 LAMWE
1428 2913 1464 2943 et
1488 2912 1528 2944 ut
1551 2911 1621 2945 uid.
1647 2910 1718 2945 Lat

152 2961 193 2993 22
218 2958 311 3007 *τῷ]
336 2958 382 2995 τό
407 2961 453 2995 L¹
543 2962 681 3010 θράσει
706 2963 896 2998 LAMWE
989 2963 1217 3011 κατέπληξεν
1240 2964 1287 2998 W

1463 3024 1531 3056 12*

1846 591 1924 630 157

1847 792 1923 833 158

1847 997 1924 1036 159

1848 1336 1923 1375 160

1843 1471 1918 1511 161
