2107 3377
133 315 207 355 191

133 586 211 627 192

131 858 210 898 193

133 1265 210 1306 194

133 1466 210 1506 195

133 1737 211 1778 196

245 196 323 234 186
687 196 848 240 ANTIQ.
873 196 971 233 IUD.
996 197 1084 232 xm
1111 200 1286 234 191-196
1303 200 1361 240 (w.
1376 204 1405 230 2.
1420 200 1451 241 3)

358 315 396 353 2.
431 307 478 354 ‘O
517 310 596 364 μὲν
638 300 712 352 οὖν
746 305 962 367 Ἰωνάθης
1000 305 1125 354 οὐδὲν
1163 311 1330 354 τούτων
1372 308 1645 367 ὑπονοήσας,
1687 309 1784 356 ἀλλ’
1817 311 1897 357 ὑπ’

243 374 415 429 εὐνοίας
453 380 525 420 καὶ
563 377 738 434 γνώμης
777 373 975 435 ἀληθοῦς
1018 377 1095 421 τὸν
1139 378 1360 437 Τρύφωνα
1398 380 1721 433 σιχιιβουλεῦσαι
1765 383 1904 424 ταῦτα

242 445 486 496 πιστεύσας
523 444 601 501 τὴν
638 445 717 499 μὲν
758 445 971 500 στρατιὰν
1011 442 1242 499 ἀπέλυσεν,
1283 449 1550 502 τρισχιλίους
1591 448 1638 490 δὲ
1675 447 1904 502 κατασχών

241 514 402 569 μόνους
442 513 543 563 τοὺς
581 513 660 567 μὲν
701 513 940 567 δισχιλίους
981 513 1025 556 ἐν
1064 516 1118 571 τῇ
1148 515 1368 572 Γαλιλαίᾳ
1407 516 1653 567 κατέλιπεν,
1696 510 1828 566 αὐτὸς
1858 515 1905 558 δὲ

242 580 352 636 μετὰ
383 583 470 623 τῶν
496 582 652 634 χιλίων
682 579 781 636 ἧκεν
813 581 875 632 εἷς
905 583 1194 636 Πτολεμαΐδα
1225 581 1303 625 σὺν
1339 582 1559 638 Τρύφωνι.
1610 584 1697 625 τιῖν
1719 578 1760 624 δ’
1788 581 1832 625 ἐν
1852 585 1906 640 τῇ

243 649 519 704 Πτολεμαΐδι
550 648 817 692 κλεισάντων
846 649 927 700 τὰς
957 649 1121 702 πύλας,
1162 653 1292 693 τοῦτο
1331 650 1413 706 γὰρ
1447 641 1495 708 ἦν
1528 648 1677 700 αὐτοῖς
1707 647 1795 692 ὑπὸ
1828 652 1905 693 τοῦ

248 716 488 796 Τρύφωνος
518 720 914 773 προστεταγμένον,
945 716 1157 775 Ἰωνάθην
1188 717 1439 776 ἐζώγρησεν,
1470 717 1573 768 τοὺς
1605 718 1652 760 δὲ
1683 716 1761 760 σὺν
1787 715 1906 774 αὐτῷ

242 784 415 835 πάντας
447 780 714 828 ἀπέκτεινεν.
775 784 976 863 ἐπεμψεν
1008 785 1147 828 δὲκαὶ
1169 784 1246 828 ἐπὶ
1267 784 1369 836 τους
1391 785 1434 829 ἐν
1456 788 1507 843 τῇ
1531 786 1752 842 Γαλιλαίᾳ
1772 802 1907 828 κατα-

243 854 512 910 λειφθέντας
552 852 810 907 δισχιλίοις,
851 849 977 904 όπως
1018 871 1070 896 αν
1113 855 1187 896 καὶ
1224 853 1406 903 τούτοις
1452 849 1756 897 απολέσωσιν·
1804 848 1902 895 αλλ’

242 924 365 965 οἰτοι
394 938 474 975 μεν
498 918 592 998 >ὑπὸ
627 922 776 980 φήμης
807 924 892 965 τῶν
924 922 1028 977 περὶ
1059 920 1136 963 τὸν
1162 916 1377 978 ὛΙιυιάθην
1405 921 1741 979 συμβεβηκότων
1762 920 1909 978 ε’φθη·

242 1004 324 1032 σαν
354 991 460 1044 πρὶν
491 982 518 1045 ἢ
547 1005 650 1040 τους
676 987 764 1032 ὑπὸ
793 989 1034 1046 Τρύφωνος
1065 984 1424 1042 ἀπεσταλμένοις
1455 984 1704 1046 ἀφικέσθαι
1735 988 1908 1047 φραξά-

240 1074 366 1111 μενοι
396 1066 490 1107 τοῖς
520 1052 680 1107 όπλοις
711 1057 756 1100 ἐκ
783 1059 861 1113 τῆς
887 1056 1032 1111 χώρας
1064 1052 1296 1099 ἀπελθεῖν.
1358 1056 1400 1099 οἱ
1429 1052 1470 1098 δ’
1497 1052 1575 1099 ἐπ’
1602 1052 1762 1106 αὐτους
1792 1072 1907 1111 πεμ-

242 1129 435 1182 φθέντες
466 1124 634 1174 ιδόντες
665 1124 868 1179 ἑτοίμους
898 1121 1010 1179 ᾗπερ
1041 1126 1128 1166 τιῦν
1152 1125 1302 1179 ψυχῶν
1335 1119 1634 1178 ἀγωνίζεσθαι
1664 1123 1798 1180 μηδὲν
1830 1141 1908 1167 αυ-

240 1202 335 1243 τοῖς
365 1192 674 1249 ἐνοχλήσαντες
704 1191 819 1248 πρὸς
849 1190 926 1234 τὸν
962 1190 1181 1248 Τρύφωνα
1209 1189 1510 1246 ὑπέστρεψαν.

356 1264 393 1304 3.
433 1260 487 1303 Οἱ
520 1256 562 1302 δ)
591 1259 633 1302 ἐν
673 1269 766 1309 τοῖς
791 1258 1110 1315 Ἱεροσολύμοις
1151 1255 1416 1309 ἀκούσαντες
1452 1257 1529 1317 τὴν
1560 1254 1776 1303 Ἰωνάθου
1807 1258 1910 1302 σύλ-

243 1329 293 1369 λτ
282 1336 380 1385 ψιν
410 1330 483 1371 καὶ
514 1327 565 1385 τη
571 1346 592 1370 ν
614 1330 700 1370 τῶν
723 1327 801 1370 σὺν
824 1323 943 1383 αὗτιιῦ
966 1330 1248 1382 στρατιωτῶν
1271 1323 1502 1370 άπωλειαν
1525 1322 1658 1370 αὐτόν
1677 1343 1726 1370 τε
1748 1325 1910 1370 ἐκεῖνον

242 1395 317 1439 ἐπὶ
357 1404 451 1446 τοῖς
491 1395 811 1453 συμβεβηκόσιν
850 1390 1135 1478 ὠλοφύροντο
1175 1397 1248 1438 καὶ
1287 1394 1405 1452 δεινὴ
1438 1390 1625 1450 τάνδρὸς
1656 1393 1911 1451 ἐπιζήτησις

242 1463 366 1518 παρὰ
390 1465 529 1507 πᾶσιν
549 1462 612 1519 ἦν,
646 1463 744 1514 δέος
764 1480 811 1506 τε
831 1466 943 1519 μέγα
965 1465 1038 1506 καὶ
1058 1461 1170 1505 κατὰ
1192 1462 1321 1518 λόγον
1344 1459 1494 1513 αὐτοῖς
1526 1461 1722 1517 ἐμπεσὸν
1743 1460 1909 1515 ἐλύπει,

241 1550 298 1590 μη
331 1534 407 1590 τῆς
424 1527 637 1575 Ιωνάθου
670 1527 876 1586 ἀνδρείας
909 1525 999 1585 άμα
1029 1533 1103 1574 καὶ
1134 1534 1350 1587 προνοίας
1381 1527 1674 1588 ἂφηρημένων
1704 1529 1759 1572 τὰ
1781 1529 1914 1586 πέριξ

244 1600 349 1656 ἔθνη
387 1601 596 1653 χαλεπῶς
636 1599 789 1653 ἔχοντα
829 1598 944 1655 πρὸς
984 1594 1142 1648 αὐτοὺς
1179 1600 1251 1641 καὶ
1299 1597 1374 1642 διὰ
1407 1594 1622 1655 Ἰωνάθην
1665 1593 1913 1656 ἠρεμοῦντα

245 1670 316 1710 νῦν
357 1664 506 1719 αὐτοῖς
547 1667 765 1724 ἐπισυστῇ
803 1669 875 1710 καὶ
908 1668 1205 1721 πολεμοῦντες
1237 1666 1301 1716 εἷς
1330 1665 1432 1717 τοτ’-ς
1463 1667 1568 1721 περὶ
1598 1668 1685 1709 τῶν
1716 1662 1910 1721 ἐσχάτων

242 1735 468 1786 κινδύνους
515 1731 843 1791 ἀναγκάζωνται
886 1737 1216 1778 καθίστασθαι.
1284 1736 1358 1777 καὶ
1404 1732 1453 1790 δὴ
1502 1729 1622 1776 τοῦτ’
1661 1730 1811 1785 αὐτοῖς
1850 1731 1911 1784 ὥς

245 1801 460 1847 ὗπενόουν
491 1806 750 1846 συνέπεσεν·
789 1802 867 1846 τὸν
906 1801 990 1858 γὰρ
1016 1797 1231 1845 Ἰωνάθου
1264 1797 1529 1852 ἀκούσαντες
1558 1801 1759 1845 θάνατον
1790 1802 1833 1845 οἱ
1865 1801 1910 1845 ἐκ

242 1873 328 1914 τῶν
360 1870 503 1914 ἐθνῶν
534 1871 746 1925 πολεμεῖν
776 1867 964 1927 ἤρξαντο
1002 1869 1104 1921 τούς
1130 1866 1369 1920 Ἰουδαίους
1412 1866 1472 1919 ὥς
1503 1865 1782 1923 ἀποροῦντας
1814 1866 1910 1927 ἦγε-

355 2018 375 2062 §
403 2019 463 2051 191
490 2032 534 2044 =
563 2019 590 2050 1.
611 2015 774 2050 Maccab.
792 2015 863 2050 XII
881 2018 934 2049 46.

355 2151 722 2186 PFLAMVWELat
734 2151 895 2186 Zonaras
919 2151 936 2185 1
962 2161 995 2195 p.
1025 2153 1099 2185 354.

335 2213 348 2243 1
379 2204 450 2245 ἀπ’
474 2208 597 2243 AMW
691 2211 711 2242 4
735 2206 983 2243 *κατέλειπεν
1007 2206 1066 2240 PL
1174 2209 1192 2239 5
1218 2199 1319 2252 ἧκεν]
1343 2200 1459 2251 ἦλθεν
1484 2205 1530 2240 W
1623 2203 1913 2249 *πτολεμαΐδασ

243 2266 271 2300 F
366 2264 445 2308 συν]
472 2262 540 2302 σὺν
563 2267 619 2301 τῶ
641 2264 863 2299 FLAMWE
956 2263 993 2300 δὲ
1018 2263 1174 2298 AMWE
1268 2265 1313 2308 τῇ
1337 2272 1405 2296 om.
1427 2262 1582 2297 AMWE
1675 2265 1695 2295 6
1720 2264 1817 2298 *τοῦ
1841 2272 1909 2298 om.

243 2322 397 2358 LAMW
531 2327 547 2356 7
574 2318 782 2368 *Ἰωνάθην
805 2341 849 2347 ·-
875 2323 894 2356 8
919 2316 1151 2361 ἀπέκτεινεν]
1177 2327 1212 2354 et
1235 2317 1407 2353 ionathan
1434 2319 1556 2353 uiuum
1582 2318 1767 2364 capientes
1790 2328 1911 2354 onmes

243 2381 308 2425 qui
330 2390 408 2414 cum
433 2389 474 2414 eo
499 2384 604 2414 erant
628 2379 887 2413 inteream-unt
910 2377 980 2411 Lat
1060 2372 1251 2422 Ἰωνάθην]
1276 2372 1347 2430 τὸν
1369 2375 1440 2419 μὲν
1463 2373 1632 2422 ἰωνάθην
1656 2374 1910 2410 FLAMVWE

356 2439 376 2471 8
401 2432 629 2472 *ἀπέκτεινε
652 2433 682 2468 F
777 2438 797 2469 9
822 2431 871 2471 ι’ἰν
895 2444 962 2468 om.
980 2432 1102 2467 AMW
1199 2435 1238 2467 10
1264 2431 1409 2473 *οὑτοι]
1436 2428 1544 2467 αὐτοὶ
1572 2431 1665 2466 PFV
1734 2427 1910 2476 ἔφθασαν

243 2492 275 2528 Ε
358 2496 391 2528 11
419 2489 551 2534 *minz
576 2506 597 2528 τ
621 2492 643 2526 i.
668 2501 739 2526 ras.
765 2491 898 2526 maiore
924 2491 950 2524 P
975 2493 1053 2526 τῶν
1078 2489 1106 2524 F
1199 2485 1287 2530 ὑπὸ]
1314 2484 1387 2524 ὑπὸ
1414 2490 1481 2524 τοῦ
1506 2487 1711 2523 FLAMVE
1808 2491 1847 2523 12
1873 2489 1911 2525 δὲ

243 2549 275 2584 Ε
345 2549 624 2595 *πεμφθέντες]
651 2544 893 2585 ἀπελθόντεσ
918 2547 947 2580 F
1046 2548 1082 2581 13
1110 2542 1294 2587 *ἰδόντες]
1319 2541 1466 2580 εἰδότεσ
1491 2544 1518 2578 Ρ
1543 2541 1600 2580 ὠσ
1625 2540 1727 2580 εἶδον
1743 2543 1864 2579 AMW

244 2604 300 2642 ώσ
317 2602 418 2643 εἶδον
436 2627 476 2630 -
494 2602 590 2652 ὑπὲρ
607 2605 627 2639 i.
647 2614 717 2639 ras.
738 2615 782 2639 m.
806 2607 816 2638 1
838 2605 870 2638 Α
940 2601 1158 2647 *ἑτοίμους]
1183 2600 1350 2645 ἑτοίμωσ
1367 2597 1530 2645 ἕχοντασ
1547 2601 1620 2636 AM
1694 2603 1733 2635 15
1759 2601 1782 2635 i.
1800 2611 1910 2646 marg.

243 2660 297 2698 ια’
324 2663 354 2697 Ε
426 2662 512 2699 δὲΕ
584 2667 665 2704 τοῖς
690 2671 757 2696 om.
781 2660 814 2696 E
889 2663 925 2695 17
954 2662 1021 2695 τοῦ
1046 2654 1190 2706 α’νὸρὸσ
1215 2668 1258 2693 ex
1283 2668 1373 2692 corr.
1399 2657 1431 2690 A
1505 2659 1543 2692 18
1570 2659 1622 2698 τε]
1648 2656 1686 2694 δὲ
1705 2657 1750 2692 W
1820 2660 1911 2694 *καὶ

244 2730 312 2754 om
338 2720 387 2760 (in
413 2719 566 2754 confinio
591 2719 802 2763 paginarum
828 2717 870 2759 F)
896 2716 972 2751 Fw
1069 2714 1231 2757 *ἑλέ-πει,
1258 2728 1288 2750 ει
1314 2715 1335 2748 i.
1355 2723 1424 2748 ras.
1443 2713 1477 2747 A
1501 2711 1616 2759 ἐλίπη
1642 2713 1686 2748 W
1784 2717 1823 2749 19
1848 2709 1909 2752 α’ν-

244 2801 372 2846 δρειασ
396 2798 425 2832 L
452 2793 640 2844 α’νδρειᾛασ
665 2797 687 2832 i.
706 2807 813 2841 marg.
840 2811 852 2832 ι
877 2796 909 2829 Α
1024 2791 1255 2842 α’φηρημένοι
1274 2793 1305 2828 V
1414 2796 1463 2826 -211
1488 2787 1665 2835 *αιτοὶς]
1692 2789 1810 2829 αὐτὸν
1833 2793 1867 2829 V

245 2858 284 2890 21
313 2855 582 2901 *ἕπισυστησαι
606 2857 670 2890 καὶ
695 2854 724 2888 L
869 2855 911 2887 22
937 2847 1216 2900 ἄνα)κάζονται
1243 2850 1302 2885 PL
1328 2844 1593 2895 αι·α)κάζοντα
1620 2848 1648 2882 1«
1794 2852 1911 2886 ταῦτα

244 2911 433 2947 LAMWE
531 2915 572 2946 23
600 2908 824 2947 *ι’ωνάθουσ
848 2910 876 2944 P
985 2913 1027 2944 24
1051 2913 1164 2945 *τοῐσ
1189 2907 1373 2944 loz-'dcam
1400 2905 1437 2940 M
1462 2912 1497 2941 et
1521 2916 1563 2940 ex
1589 2915 1682 2941 corr.
1710 2907 1741 2940 A
1834 2903 1914 2949 *ὠς

244 2978 313 3004 om.
341 2968 433 3002 PFV
502 2964 743 3014 *ἀποροῦσιν
766 2967 804 3002 Μ
830 2971 866 3002 et
889 2977 933 3002 ex
958 2976 1049 3002 corr.
1075 2967 1107 3000 A

1939 930 1976 962 10

1941 1268 1978 1301 15

1941 1607 1980 1641 20
