2107 3377
290 208 370 247 226
751 205 914 250 ANTIQ.
937 205 1035 242 IUD.
1059 206 1147 241 XIII
1170 209 1349 242 398—403
1373 210 1440 250 (xv.
1456 211 1488 250 5)

288 318 552 365 καταπεσών
581 320 655 362 καὶ
674 321 820 374 τρισὶν
851 318 993 362 ἔτεσιν
1012 324 1259 376 τεταρταίῳ
1280 322 1458 376 πυρετῷ
1479 321 1712 373 συσχεθεὶς
1734 316 1809 364 οὐκ
1840 316 1952 365 ἆπέ-

290 405 368 447 στη
401 391 488 431 τῶν
520 389 775 443 στρατειῶν,
809 386 890 438 ἕως
921 383 971 430 οὗ
1000 396 1096 438 τοῖς
1126 388 1283 439 πόνοις
1314 387 1615 439 ἐξαναλωθεὶς
1646 383 1876 432 ἀπέθανεν
1906 388 1952 432 ἐν

288 467 383 508 τοῖς
404 457 665 512 Γερασηνῶν
697 449 820 509 ὅροις
850 456 1102 510 πολιορκῶν
1126 452 1312 511 Ῥάγαβα
1344 455 1556 512 φρούριον
1577 458 1718 512 πέραν
1747 458 1828 499 τοῦ
1841 452 1950 513 Ἰορ-

176 528 257 569 399
289 524 436 567 δάνου.
477 520 628 578 δρῶσα
650 518 690 565 δ)
713 518 884 581 α’ὗτὸνὴ
901 524 1145 578 βασίλισσα
1165 522 1279 578 πρὸς
1299 525 1362 580 τῷ
1377 524 1583 566 τελευτᾶν
1600 520 1707 566 ὅντα
1727 525 1801 567 καὶ
1815 524 1950 582 μηδε-

286 596 393 646 μίαν
412 588 734 648 ὗπογράφοντα
753 593 907 647 μηκέτι
928 595 1148 647 σωτηρίας
1169 590 1343 644 ἐλπίδα,
1373 593 1588 634 κλαίουσα
1607 593 1682 634 καὶ
1701 595 1950 650 κοπτομένη
1983 603 1996 610 ’

286 662 363 716 τῆς
391 657 634 714 μελλούσης
665 657 848 716 ἐρημίας
885 653 1018 714 αὐτήν
1055 674 1104 700 τε
1131 660 1205 702 καὶ
1236 658 1338 709 τοὺς
1376 660 1545 709 παῖδας
1584 655 1846 714 ἀπωδύρετο
1875 664 1951 703 καί

283 731 403 779 ,,τίνι
432 727 716 777 καταλείπεις
738 721 876 777 οὕτως
907 725 983 780 ἐμέ
1012 742 1060 768 τε
1078 727 1152 769 καὶ
1182 725 1237 769 τὰ
1267 729 1395 769 τέκνα
1424 729 1502 783 τῆς
1530 722 1642 780 παρ)
1669 724 1814 770 ἄλλων
1841 731 1950 785 βοη-

285 797 418 845 θείας
449 793 663 848 δεο’μενα·’ί
694 793 810 850 πρὸς
832 789 965 837 αὐτὸν
992 793 1134 849 ἔλεγεν
1164 795 1267 846 ,,καὶ
1288 790 1414 837 ταῦτ’
1441 794 1581 847 εἰδώς,
1612 797 1710 845 πῶς
1732 794 1952 839 διάκειται

173 866 255 904 400
286 861 402 918 πρὸς
434 862 482 905 σὲ
513 862 734 916 δυσμενῶς
761 861 812 904 τὸ
847 862 1022 912 ἕθνος.“
1080 859 1102 904 ὃ
1137 861 1184 904 δὲ
1216 861 1523 916 συνεβούλευεν
1555 858 1664 919 αὐτῇ
1694 866 1951 907 πείθεσθαι

284 931 364 985 μὲν
386 930 452 981 οἷς
471 927 756 988 ὑποθήσεται
786 929 901 985 πρὸς
930 928 978 971 τὸ
1011 928 1090 987 τὴν
1109 930 1341 983 βασιλείαν
1373 925 1585 986 ἀσφαλῶς
1615 933 1809 984 κατέχειν
1839 929 1951 985 μετὰ

283 1000 372 1041 τῶν
402 1001 574 1050 τέκνων,
613 997 783 1052 κρύψαι
813 997 861 1039 δὲ
881 996 958 1040 τὸν
987 996 1188 1039 θάνατον
1221 992 1354 1039 αὐτοῦ
1384 996 1499 1052 πρὸς
1528 997 1632 1048 τοὺς
1662 998 1948 1054 στρατιώτας,

173 1070 248 1108 401
287 1065 368 1116 ἕως
407 1059 459 1109 ἂν
501 1064 620 1121 ἐξέλῃ
660 1064 709 1107 τὸ
740 1069 916 1121 χωρίον.
978 1064 1135 1106 ἔπειτα
1166 1059 1225 1114 ῶς
1265 1059 1355 1106 ἀπὸ
1397 1068 1516 1121 νίκης
1547 1066 1762 1121 λαμπρῶς
1800 1066 1864 1117 εἷς
1892 1065 1948 1110 τὰ

279 1131 560 1190 Ἱεροσόλυμα
596 1135 951 1188 παραγινομένην
990 1140 1085 1181 τοῖς
1119 1135 1388 1183 Φαρισαίοις
1427 1131 1630 1182 ἐξουσίαν
1669 1133 1768 1176 τινὰ
1799 1151 1949 1190 παρα-

286 1211 423 1255 σχεῖν·
455 1200 636 1250 τούτους
657 1198 740 1256 γὰρ
771 1198 1065 1249 ἐπαινοῦντας
1091 1194 1225 1256 αὖτὴν
1257 1194 1355 1242 ἀντὶ
1376 1201 1453 1255 τῆς
1473 1202 1603 1257 τιμῆς
1633 1197 1784 1244 εὔνουν
1813 1219 1948 1244 κατα-

285 1284 462 1325 στησειν
495 1285 609 1351 >ιιι-τῃ
649 1266 698 1310 τὸ
741 1267 896 1319 ε’θνος,
939 1266 1162 1309 δύνασθαι
1203 1266 1249 1309 δὲ
1281 1266 1394 1309 πολὺ
1437 1267 1562 1323 παρὰ
1600 1277 1694 1318 τοῖς
1719 1264 1950 1320 [ουδαίοις

281 1336 464 1386 τούτους
495 1337 660 1392 εφασκε
687 1335 864 1390 βλάψαι
894 1351 942 1377 τε
964 1337 1205 1389 μισοῦντας
1233 1336 1306 1377 καὶ
1330 1336 1487 1391 φίλοις
1509 1335 1808 1390 διακειμένους
1829 1332 1949 1395 ὠφε-

171 1409 252 1449 402
285 1406 437 1481 λησαι·
478 1403 673 1458 μάλιστα
710 1420 793 1459 γαρ
833 1402 1135 1446 πιστεύεσθαι
1175 1402 1299 1458 παρὰ
1339 1405 1403 1459 τῷ
1442 1402 1613 1459 πλήθει
1653 1406 1758 1460 περὶ
1796 1407 1855 1447 ῶν
1896 1423 1949 1449 αν

283 1490 362 1515 καν
384 1473 620 1529 φθονῶσίν
649 1488 695 1514 τι
710 1469 908 1524 χαλεπὸν
940 1471 1138 1526 λέγωσιν,
1172 1465 1304 1514 αὐτόν
1334 1487 1382 1514 τε
1404 1487 1710 1527 προσκρουσαι
1738 1475 1802 1529 τῷ
1824 1471 1948 1516 ἔθνει

170 1546 252 1585 403
285 1539 359 1584 διὰ
389 1539 572 1590 τούτους
604 1539 746 1595 ἔλεγεν
776 1535 1074 1595 ὑβρισθέντας
1103 1534 1185 1581 ὑπ)
1222 1535 1370 1581 αὐτοῦ.
1428 1538 1511 1592 ,,σύ
1543 1544 1702 1593 τοίνυν,
1735 1538 1872 1594 εἶπεν,
1904 1540 1949 1584 ἐν

281 1617 376 1658 τοῖς
403 1605 724 1663 Ἱεροσολύμοις
763 1609 970 1663 γενομένη
1007 1605 1304 1661 μετάπεμψαι
1341 1606 1420 1660 μὲν
1458 1605 1562 1657 τοὺς
1593 1608 1844 1659 στασιώτας
1876 1604 1949 1652 αὖ·
1979 1622 1988 1631 ·

281 1678 388 1728 τῶν,
431 1674 694 1725 ἐπιδείξασα
725 1675 772 1716 δὲ
801 1673 852 1717 τὸ
887 1676 1014 1728 σῶμα
1043 1669 1207 1728 τούμόν
1239 1673 1420 1725 ἐκείνοις
1451 1669 1577 1726 ὅπως
1606 1692 1684 1730 μοι
1712 1675 1949 1730 βούλονται

278 1746 478 1800 χρῆσθαι
508 1741 619 1797 μετὰ
640 1743 810 1798 πολλῆς
840 1738 1126 1792 ἀξιοπιστίας
1156 1742 1382 1798 ἐπίτρεπε,
1415 1743 1505 1785 εἴτε
1524 1742 1808 1797 καθυβρίζειν
1839 1739 1948 1786 ἆτα-

283 1815 369 1869 ιρίᾳ
388 1828 472 1865 μου
494 1809 741 1866 θελήσουσι
770 1810 847 1852 τὸν
870 1809 1019 1865 νεκρὸν
1050 1807 1111 1860 ῶς
1142 1808 1290 1851 πολλὰ
1321 1810 1608 1861 πεπονθότες
1639 1810 1687 1861 ἐξ
1706 1810 1825 1867 ἐμοῦ,
1859 1807 1942 1854 εἴτ’

284 1876 417 1932 ἄλλην
447 1877 547 1921 τινὰ
577 1873 675 1920 κατ’
702 1873 835 1934 ὀργὴν
867 1877 1013 1920 αἰκίαν
1043 1880 1107 1932 τῷ
1129 1877 1301 1931 σώματι
1333 1881 1619 1935 προσφέρειν.
1673 1875 1870 1932 ὗπόσχου
1900 1895 1949 1922 τε

393 1989 759 2025 PFLAMVWELat
770 1989 931 2025 Zonaras
955 1989 972 2024 I
997 2000 1031 2034 p.
1058 1992 1135 2024 395.

396 2050 414 2081 2
431 2048 650 2094 στρατειῶν]
665 2046 697 2080 Ε
715 2048 905 2093 στρατιῶν
916 2045 976 2080 PF
991 2045 1237 2093 στρατιωτῶν
1248 2045 1403 2080 LAMW
1466 2050 1558 2088 τοῖς]
1571 2044 1612 2082 ἐι·
1631 2052 1714 2083 τοῖσ
1727 2047 1948 2083 FLAMWE

394 2106 412 2138 3
439 2103 679 2150 γερεσσηνῶν
703 2102 731 2136 Ρ
755 2105 967 2148 γερασινῶν
990 2101 1032 2145 L,
1058 2102 1103 2137 cf.
1131 2104 1151 2145 ς·
1178 2104 1243 2136 393
1321 2099 1433 2148 δροισ
1457 2102 1667 2136 PFA¹V¹W
1691 2108 1810 2138 monte
1833 2103 1904 2138 Lat

281 2160 433 2207 ῥαγαβα
458 2160 488 2193 F
515 2158 671 2206 ῥαγαβᾶ
693 2159 726 2193 V
795 2161 816 2192 4
841 2158 879 2195 δὲ
904 2158 978 2192 ΜΕ
1002 2164 1038 2193 et
1062 2169 1107 2193 ex
1131 2169 1222 2194 corr.
1239 2159 1273 2192 A
1365 2160 1459 2207 *qu
1486 2156 1529 2195 τὸ
1556 2159 1742 2194 FLAMW
1813 2164 1833 2195 5
1857 2158 1948 2197 ὑπο-

279 2217 471 2264 τρέφοντα
497 2216 529 2251 Ε
643 2214 773 2261 μηκέτι
797 2225 866 2250 om.
890 2215 1079 2250 LAMWE
1187 2218 1207 2249 6
1232 2211 1376 2260 *αἱ-τήν
1401 2216 1440 2250 M
1464 2223 1498 2250 et
1522 2226 1566 2250 ex
1591 2226 1682 2251 corr.
1705 2217 1739 2250 A
1832 2220 1850 2251 ’ἲ
1876 2218 1949 2254 τίνι

278 2275 531 2315 καταλείπεις]
559 2274 759 2318 τηνικαῦτα
785 2273 928 2308 λείπεισ
947 2271 975 2305 F
1090 2273 1323 2317 καταλείπησ
1341 2272 1370 2305 L
1487 2266 1608 2314 οὕτως
1633 2283 1701 2307 om.
1719 2272 1748 2306 F
1841 2268 1950 2320 ἀλλή-

281 2334 357 2367 λων
381 2330 413 2365 V
515 2332 535 2364 S
560 2323 675 2365 ταῦθ’
691 2327 720 2361 Ρ
835 2333 855 2363 9
880 2328 1108 2364 *πειθέσθαι
1132 2328 1161 2363 Ρ
1186 2328 1365 2365 πιθέσθαι
1394 2329 1474 2363 coni
1593 2332 1632 2363 10
1658 2325 1949 2375 *ὑποθήσεσθαι

278 2410 306 2444 Ρ
438 2412 478 2443 12
502 2389 652 2451 *ἐξέλεῖἶ
668 2407 698 2441 L
798 2439 801 2441 Α
837 2403 915 2444 α’πὸ
949 2409 1062 2454 νίκης]
1094 2407 1127 2442 Ε
1157 2403 1235 2444 α’πὸ
1270 2404 1409 2453 νικήσει
1442 2407 1470 2441 Ρ
1503 2405 1550 2444 ἄν
1577 2405 1704 2454 νικήση
1727 2407 1947 2444 FLAMVW

280 2467 418 2502 uictrix
442 2466 511 2500 Lat
608 2467 646 2499 13
672 2464 962 2511 παραγενομένη
986 2464 1173 2499 LAMVW
1198 2463 1510 2510 παραγενομένην
1533 2464 1566 2499 Ε
1671 2465 1949 2511 *φαρισσαιόισ

279 2522 309 2556 F
406 2525 445 2557 15
471 2521 520 2563 δὲ]
545 2517 620 2568 γὰρ
645 2521 678 2555 Ε
795 2524 836 2556 16
861 2523 931 2557 *τε
956 2532 1024 2556 om.
1050 2521 1077 2555 P
1181 2523 1355 2567 *φίλουςῙ
1380 2522 1514 2564 φιλίως
1539 2520 1684 2555 Ernesti
1794 2523 1832 2555 17
1859 2517 1948 2567 γὰρ]

281 2579 318 2616 οὲ
336 2579 374 2613 M
445 2580 590 2625 περὶ-
612 2580 652 2613 18
670 2577 841 2624 λέγωσιν]
867 2578 1045 2624 quidquid
1070 2577 1202 2612 uellent
1225 2577 1269 2611 cle
1293 2578 1416 2621 aliquo
1440 2577 1686 2611 saem'ssimum
1711 2576 1854 2620 referre
1877 2577 1949 2612 Lat

393 2632 441 2672 ι’ἰν
463 2632 548 2677 κίίν]
574 2632 622 2672 ι’ἰν
645 2637 709 2671 καὶ
732 2635 794 2669 PV
817 2632 891 2672 κιῖν
907 2634 1014 2670 LAM
1085 2637 1125 2669 18
1151 2636 1360 2680 φθονῶσιν]
1386 2635 1560 2678 «[θοι·ῶσι
1578 2632 1689 2667 FLW
1706 2635 1948 2678 φθονοῦντεσ

280 2692 387 2727 AMV
448 2694 627 2737 χαλεπῶν
641 2692 685 2725 W
753 2694 791 2725 19
809 2686 911 2733 *t-n']
929 2687 1026 2738 παρ’
1043 2690 1076 2725 V
1137 2687 1202 2727 *σὺ
1219 2700 1263 2726 ex
1280 2691 1340 2726 σοὶ
1358 2700 1448 2724 corr.
1467 2691 1500 2722 A
1563 2693 1604 2723 20
1624 2687 1847 2733 στασιώτας]
1866 2690 1947 2725 coni

280 2746 522 2795 στρατιώτιισ
539 2748 640 2783 codd.
660 2745 840 2795 πρώτουσ
853 2748 885 2782 Ε
903 2747 1075 2783 militibus
1091 2747 1162 2782 Lat
1177 2743 1444 2794 πρωτεύοντας
1460 2746 1514 2780 ed.
1532 2756 1586 2789 pr.
1658 2749 1695 2780 21
1716 2746 1765 2787 ὸὲ]
1782 2746 1852 2790 μὲν
1868 2745 1901 2780 V

280 2807 338 2842 *δὶ-
357 2802 501 2850 τούμὸν
518 2808 627 2849 σῶμα
642 2805 680 2839 M
749 2803 953 2846 *ἐκείνοισ,
972 2817 1006 2840 οι
1021 2814 1064 2839 ex
1079 2818 1123 2840 ου
1137 2813 1229 2839 corr.
1243 2803 1277 2837 A
1345 2804 1363 2822 ¹·
1376 2796 1492 2844 ὅπως]
1510 2804 1595 2838 πῶσ
1613 2802 1641 2836 Ρ
1703 2799 1946 2849 *βούλωνται

279 2862 416 2896 FAMV
480 2865 521 2896 22
536 2857 782 2904 ιῖξιωπιστιάσ
796 2861 826 2895 L
889 2860 1090 2906 *ἐπέτρεπε
1105 2860 1135 2894 L
1198 2856 1376 2907 *α’ταφίςι]
1395 2854 1694 2904 ιῖταᾳιίιστονΙΛ2
1755 2862 1798 2893 24
1816 2853 1946 2904 *ὀργίν

280 2919 309 2953 L
381 2921 476 2966 *τῲ]
500 2915 544 2953 τὺ
568 2919 596 2952 L
690 2918 934 2965 προσφέρειν]
957 2917 1190 2964 προσφέρειν
1205 2913 1455 2964 βουλήσονται
1476 2915 1505 2948 V
1600 2909 1771 2961 ὑπόσχου
1787 2918 1840 2957 τε]
1865 2914 1945 2949 coni

280 2972 521 3020 ὑπόσχωνται
536 2974 563 3008 Ρ
579 2971 757 3020 ἱπισχνοῦ
770 2983 816 3019 (p.
830 2977 906 3016 227,
921 2977 934 3009 1
949 2979 1031 3018 post
1043 2970 1314 3019 διαπράξεσθαι
1329 2975 1372 3006 tr.
1385 2972 1428 3010 V»
1441 2971 1693 3006 FLAMVWE
1707 2971 1863 3007 concede
1875 2970 1947 3006 Lat
