2107 3377
298 202 379 241 372
767 201 928 245 ANTIQ.
953 201 1051 237 IUD.
1075 201 1143 236 XV
1168 202 1347 236 220—225
1372 202 1444 244 (vn.
1459 207 1490 243 4)

297 311 494 374 ἀδελφὴν
534 315 610 358 ἐπὶ
651 315 879 373 δυσγενείᾳ
925 313 1194 368 διεχλεύαζεν
1232 316 1305 357 καὶ
1344 315 1487 363 κακῶς
1527 312 1690 368 ἔλεγεν,
1735 309 1844 356 ὥστ’
1879 310 1960 373 ἤδη

297 384 453 427 στάσιν
490 383 533 426 ἐν
563 392 662 434 ταῖς
691 382 888 438 γυναιξὶν
919 380 982 426 εἶν
988 399 1034 425 αι
1071 383 1143 425 καὶ
1175 390 1305 436 μῖσος
1336 378 1575 433 ἄσπονδον,
1616 379 1660 422 ἐν
1691 380 1738 424 δὲ
1768 383 1832 438 τιῦ
1861 381 1963 425 τότε

182 453 260 494 221
296 453 369 495 καὶ
401 450 612 506 διαβολὰς
641 449 859 505 μείζονας.
910 445 938 508 η’
967 466 1016 492 τε
1039 447 1220 504 ὑποψία
1250 451 1496 506 τρεφομένη
1529 450 1786 503 παρέτεινεν
1817 447 1962 492 ἐνιαυ-

293 522 371 563 τοῖ
401 522 538 576 μῆκος
569 518 616 570 ἐξ
644 522 693 562 οὑ
724 517 849 574 παρὰ
872 522 1102 573 Καίσαρος
1116 514 1316 573 ςΗριόδης
1344 513 1632 573 ὑπεστρόφει.
1681 517 1830 560 τέλεον
1859 519 1962 571 μέν-

294 604 365 630 τοι
405 585 865 641 προοικονομούμενον
903 584 948 628 ἐκ
992 586 1200 636 πλείονος
1247 583 1453 642 ἐξερράγη
1504 582 1711 641 τοιαύτης
1758 579 1964 641 ἀφορμῆς

181 657 262 697 222
295 653 597 711 ἐγγενομένης·
627 653 995 708 κατακλινόμενος
1024 650 1046 697 ὃ
1077 652 1286 709 βασιλεὺς
1317 650 1376 703 (ὗς
1408 648 1766 694 ἀναπαύσασθαι
1794 666 1964 709 μεσημ-

290 726 422 777 βρίας
452 719 585 778 οὔσης
616 720 761 764 ἐκάλει
790 720 868 780 τὴν
891 721 1172 779 ΖΠαριάμμην
1202 718 1290 764 ὑπὸ
1324 721 1653 778 φιλοστοργίας,
1688 714 1737 776 ἧς
1768 714 1838 762 ἀεὶ
1858 721 1964 774 περὶ

292 785 427 847 αὐτὴν
449 786 573 843 εἶχεν.
622 786 649 846 ἡ
672 789 718 832 δὲ
739 788 948 846 εἰσῆλθεν
978 792 1069 844 μέν,
1102 784 1151 832 οὗ
1173 788 1258 845 μὴν
1278 789 1351 831 καὶ
1373 789 1613 845 κατεκλίθη
1638 786 1965 839 σπουδάζοντος

292 856 599 914 ἐκφαυλίσασα
629 859 703 900 καὶ
732 857 1185 914 προσλοιδορηθεῖσα,
1216 855 1293 899 τόν
1313 872 1360 898 τε
1383 858 1555 910 πατέρα
1575 856 1645 898 καὶ
1669 853 1746 898 τὸν
1767 849 1964 912 ἀδελφὸν

179 929 260 970 223
294 921 426 983 αἰτῆς
457 921 517 975 ὠς
549 920 800 968 ἀπεκτόνοι.
853 926 1059 978 χαλεπῶς
1091 920 1132 966 δ’
1159 924 1323 967 ἐκείνου
1353 922 1432 980 τὴν
1451 923 1577 978 ὕβριν
1609 921 1862 980 ἐνηνοχότος
1893 922 1966 965 καὶ
1995 929 2033 964 10

289 992 520 1049 γεγονότος
551 992 614 1043 εἰς
646 995 921 1049 προπέτειαν
942 992 1133 1047 ἑτοίμου,
1164 994 1241 1050 τῆς
1268 993 1460 1047 ταραχῆς
1490 990 1738 1048 αἰσθομένη
1764 989 1964 1045 μείζονος

288 1058 314 1121 ἡ
345 1063 424 1104 τοῦ
451 1062 672 1116 βασιλέως
703 1056 871 1117 ἀδελφὴ
904 1059 1094 1115 Σαλώμη
1126 1061 1540 1114 παρεσκευασμένον
1571 1057 1616 1100 ἐκ
1646 1059 1856 1101 πλείστου
1887 1056 1964 1100 τὸν

290 1129 488 1184 οἰνοχόον
511 1129 753 1182 εἰσπέμπει
782 1128 1020 1171 κελεύουσα
1042 1129 1194 1182 λέγειν,
1227 1123 1288 1177 (ὗς
1317 1129 1477 1169 πείθοι
1495 1124 1749 1182 ῙΗαριάμμη
1779 1126 1964 1181 φίλτρον

177 1202 259 1240 224
292 1193 401 1254 αυτῇ
433 1195 840 1253 συγκατασκευάσαι
869 1197 933 1251 τῷ
961 1196 1151 1250 βασιλεῖ.
1210 1211 1290 1236 καν
1320 1195 1526 1249 ταραχθῇ
1559 1193 1631 1235 καὶ
1664 1192 1963 1250 πυνθάνηται,

290 1269 336 1308 τί
364 1280 477 1307 ποτε
506 1259 627 1307 voi-'v
653 1254 718 1321 ἦν,
751 1258 926 1318 λέγειν
911 1259 981 1306 ότι
1010 1263 1243 1320 φάρμακον
1265 1261 1455 1319 ἐκείνης
1452 1261 1528 1304 ιιὲν
1551 1259 1729 1317 ἐχούσης
1753 1256 1886 1304 αιτοῦ
1917 1259 1966 1304 δὲ
1995 1268 2011 1302 1

292 1332 596 1389 διακονῆσαι
583 1332 991 1387 παρακαλουμένου,
1023 1330 1081 1387 μὴ
1115 1333 1374 1388 κινηθέντος
1413 1325 1456 1372 δ’
1485 1328 1561 1372 ἐπὶ
1591 1331 1656 1385 τιῦ
1686 1329 1858 1385 φίλτρῳ
1887 1326 1965 1371 τὸν

292 1399 421 1456 λόγον
444 1396 576 1455 ἀργὸν
599 1398 695 1442 ἐᾶν·
727 1393 885 1441 οὐδένα
910 1397 992 1454 γὰρ
1016 1394 1135 1455 αὐτῷ
1156 1399 1354 1442 κίνδυνον
1377 1400 1542 1454 φέρειν.
1588 1398 1773 1439 τοιαῦτα
1804 1395 1964 1451 προδι-

177 1471 258 1511 225
291 1467 463 1519 δάξασα
478 1466 575 1511 κατ’
589 1466 752 1510 ἐκεῖνον
768 1466 845 1510 τὸν
860 1465 1015 1521 καιρὸν
1033 1465 1273 1521 εἰσπέμπει
1292 1465 1615 1519 διαλεξόμενον.
1647 1460 1670 1507 ὃ
1690 1463 1738 1506 δὲ
1753 1465 1965 1514 πιθανῶς

290 1530 382 1589 ἅμα
402 1537 474 1579 καὶ
496 1534 607 1590 μετὰ
630 1535 829 1592 σπουδῆς
850 1534 1003 1591 εἰσῄει,
1037 1534 1157 1590 δῶρα
1185 1535 1264 1589 μὲν
1287 1530 1405 1590 αὐτῷ
1436 1532 1512 1588 τὴν
1534 1531 1816 1589 ΠΙαριάμμην
1847 1547 1964 1587 παρ-

291 1605 510 1660 εσχῆσθαι
533 1605 681 1660 λέγων,
720 1598 989 1645 ἀναπείθειν
1012 1602 1058 1645 δὲ
1081 1605 1267 1660 φίλτρον
1299 1599 1418 1658 αι’·τῴ
1450 1601 1637 1645 διδόναι.
1688 1599 1803 1655 πρὸς
1833 1601 1964 1644 τοῦτο

292 1671 626 1726 διακινηθέντος
646 1672 719 1714 καὶ
735 1675 781 1714 τί
796 1669 845 1714 τὸ
867 1671 1053 1728 φίλτρον
1071 1669 1137 1727 εἴη
1157 1668 1470 1726 ἐρωτήσαντος.
1490 1668 1722 1727 φάρμακον
1739 1666 1864 1712 εἶπεν
1883 1663 1958 1711 ὑπ’

402 1840 768 1875 PFLAMVWELat
780 1840 940 1875 Zonaras
963 1839 980 1873 Ι
1004 1850 1040 1883 p.
1065 1841 1144 1874 429.

403 1902 417 1932 1
446 1896 547 1939 *sb—cz]
581 1895 643 1933 ἐπὶ
667 1899 711 1942 τῆ
735 1895 890 1931 LAMW
983 1889 1082 1932 ὥστε
1106 1895 1294 1929 LAMWE
1401 1897 1420 1929 ‘2
1445 1894 1484 1931 δὲ
1508 1905 1576 1929 om.
1602 1893 1755 1928 LAMW
1858 1890 1960 1935 τότε]

288 1948 378 1991 τότε
403 1957 523 1999 καιρώ
550 1953 702 1988 LAMW
812 1954 831 1986 3
857 1952 1058 1998 παρέτινεν
1081 1951 1111 1985 L
1220 1955 1241 1985 4
1269 1948 1392 1997 ἡρώὸη
1416 1951 1449 1985 V
1556 1947 1786 1997 ἐπεστρόφει
1810 1949 1840 1984 F
1871 1946 1962 1986 ὕπο-

289 2010 442 2056 στρέφει
461 2010 507 2044 W
578 2014 596 2044 5
622 2006 1082 2054 *προσοικονομοὺμενον
1098 2008 1126 2043 P
1204 2010 1224 2042 6
1248 2006 1501 2054 ἐκγενομένησ
1518 2006 1612 2041 PFV
1637 2006 1844 2053 γενομένησ
1860 2005 1892 2040 Ε

288 2064 371 2110 *ὡς
394 2077 462 2102 om.
481 2066 514 2101 V
605 2067 872 2113 *μεσεμβριάσ
898 2065 943 2099 W
1049 2069 1066 2099 7
1092 2062 1285 2112 μαριάμην
1309 2064 1340 2098 Ε
1439 2059 1497 2101 αἐὶ
1523 2066 1611 2110 περὶ
1634 2059 1750 2109 αὕτὶμι
1774 2073 1842 2098 om.
1859 2063 1894 2098 V

289 2127 308 2158 8
333 2126 398 2160 καὶ
421 2134 490 2159 om.
509 2123 697 2158 LAMWE
785 2119 1027 2168 *κατεκλήθη
1050 2121 1081 2155 L
1167 2119 1451 2166 σπουδάζοντος
1476 2131 1543 2155 om.
1563 2119 1591 2154 F
1594 2119 1659 2154 VE
1746 2122 1766 2154 9
1790 2121 1853 2155 καὶ
1870 2133 1963 2166 φαυ-

287 2182 426 2217 λίσασα
452 2179 483 2214 F
593 2181 661 2216 *τε
686 2189 753 2214 om.
773 2179 819 2213 W
925 2178 1085 2223 πατέρα]
1120 2177 1281 2214 πάππον
1304 2177 1368 2212 LE
1477 2180 1515 2211 10
1541 2171 1744 2213 α’πεκτόνει
1769 2175 1835 2210 FV
1867 2170 1961 2213 α’πο·

285 2239 428 2273 κτείνοι
451 2236 484 2271 Ε
581 2239 618 2272 11
646 2235 932 2282 *αἰσθανομένη
965 2234 1120 2269 Dindorf
1208 2231 1425 2279 *μειζόνωσ
1448 2233 1476 2268 P
1579 2236 1618 2268 12
1642 2229 1853 2279 *Σαλώμη1
1885 2245 1962 2277 μει-

289 2291 456 2340 σαλώμη,
481 2291 637 2339 σαλώμη
660 2293 683 2327 i.
702 2303 772 2328 ras.
791 2295 880 2327 4-5
905 2292 973 2327 litt.
1000 2292 1124 2334 (fuisse
1148 2291 1220 2326 uid.
1241 2286 1445 2336 μειζόνωσ)
1470 2290 1500 2325 L
1597 2291 1636 2325 13
1661 2287 1842 2334 ἐκπέμπει
1859 2289 1893 2324 V

288 2352 413 2387 πείθει
430 2350 463 2384 V
487 2352 621 2386 πειθοῖ
642 2349 674 2384 Ε
749 2346 945 2396 μαριάμησ
971 2348 1000 2383 Ε
1073 2345 1285 2395 Μαριάμμη
1303 2349 1475 2394 φίλτρον]
1501 2347 1727 2381 mariammes
1742 2345 1960 2380 amatorium

288 2407 359 2442 Lat
431 2410 471 2442 14
496 2403 874 2443 *συνκατασκευάσαι
899 2405 928 2440 Ρ
1010 2408 1050 2439 15
1076 2405 1144 2441 *τί
1160 2418 1255 2441 ποτε
1281 2415 1362 2447 om„
1387 2404 1408 2439 i.
1427 2413 1536 2447 marg.
1555 2403 1672 2448 suppl.
1691 2403 1844 2439 τίποται
1860 2401 1891 2436 L

288 2458 410 2505 τοῦτ’]
444 2465 562 2499 ταῦτα
588 2463 620 2498 Ε
735 2462 865 2509 *λέγοι
891 2462 918 2496 Ρ
1036 2455 1093 2497 ὅτι
1119 2482 1160 2486 -
1190 2463 1230 2496 16
1257 2460 1612 2507 παρακαλουμένου]
1649 2469 1823 2494 uenenum
1861 2457 1960 2493 illam

288 2521 444 2555 tenuisse
470 2524 649 2566 petmztem
673 2530 712 2554 se
735 2519 852 2565 ipsum
877 2519 1085 2553 ministrare
1108 2518 1179 2553 Lat
1270 2522 1352 2563 post
1376 2511 1434 2554 ὅτι
1460 2517 1624 2552 hennam
1648 2515 1783 2551 indicat
1808 2513 1962 2550 Dindorf

399 2576 469 2621 μὲν
493 2575 641 2622 ἐκείνησ
664 2580 709 2612 tr.
735 2576 830 2612 PFV
946 2572 1108 2622 ἐχούσησ
1139 2575 1288 2620 ἐκείνησ
1315 2579 1360 2610 tr.
1387 2574 1418 2609 Ε
1530 2575 1569 2607 16
1595 2573 1880 2608 *διακονεῖσθαι
1912 2574 1962 2612 (εἰ

287 2632 308 2668 i.
336 2642 406 2668 ras.
432 2633 478 2674 A)
508 2633 632 2667 AMW
731 2629 781 2678 μὴ
807 2643 875 2668 om.
901 2632 932 2667 E
1040 2631 1263 2678 νικηθέντοσ
1287 2630 1318 2665 Ε
1419 2630 1457 2667 δὲ
1488 2629 1676 2664 LAMWE
1778 2625 1851 2664 *τὸ
1878 2628 1960 2673 φίλ-

288 2703 366 2737 τρω
390 2689 455 2724 LV
481 2687 525 2726 τὸ
552 2691 714 2736 φίλτρον
737 2689 791 2724 ed.
817 2700 869 2734 pr.
990 2692 1028 2722 17
1053 2684 1190 2725 *οὖδὲν
1213 2686 1308 2722 PFV
1337 2697 1566 2732 nequaquam
1592 2685 1662 2720 Lat
1693 2681 1778 2722 οὐδὲ
1799 2684 1892 2720 ·coni

287 2746 456 2792 *φέρειν]
489 2752 624 2793 φορεῖν
650 2746 676 2780 P
770 2743 1082 2793 *προσδιδάξασα
1106 2744 1151 2779 L'
1252 2747 1289 2779 18
1314 2747 1537 2780 *πειθανωσ
1562 2742 1588 2776 P
1622 2739 1789 2778 πιθανὸσ
1816 2741 1846 2775 V
1873 2747 1960 2776 tam-

286 2813 394 2847 quam
420 2802 631 2837 uerisimilia
656 2802 820 2838 dicturus
844 2803 914 2837 Lat
1011 2806 1050 2838 19
1074 2798 1265 2848 μαριάμην
1289 2800 1322 2835 Ε
1415 2799 1690 2845 παρεσχηκέναι
1716 2799 1747 2833 Ε
1841 2801 1883 2833 20
1907 2797 1959 2840 δὲ]

287 2859 327 2894 τὲ
352 2858 383 2892 Ε
500 2861 538 2893 21
566 2860 819 2905 *κινηθέντοσ
851 2858 1006 2894 LAMW
1119 2861 1182 2894 καὶ
1208 2859 1245 2894 τί
1269 2878 1309 2882 -
1334 2852 1415 2898 ὑπ’]
1448 2852 1492 2892 τὸ
1522 2856 1683 2902 φίλτρον
1708 2852 1835 2901 ἔλεγεν
1864 2851 1959 2891 εἶναι

285 2911 491 2960 φάρμακον
526 2913 746 2962 (φάρμακον
778 2912 871 2952 εἶναι
906 2921 950 2951 tr.
985 2915 1028 2953 E)
1064 2910 1129 2951 ὑπ’
1154 2913 1361 2949 PFVELat
1482 2914 1519 2947 τί
1543 2933 1583 2937 -
1611 2915 1717 2954 3ῖ3,1
1748 2912 1958 2954 διδόμενον]

287 2981 461 3006 uenenum
487 2971 604 3016 inquit
628 2978 706 3006 erat
731 2972 830 3017 quod
853 2971 917 3007 illa
934 2972 1100 3007 mouebat
1116 2971 1199 3006 dari
1223 2971 1292 3005 Lat
1377 2970 1442 3004 litt.
1462 2965 1566 3005 εἶπεν
1591 2963 1654 3005 ὑπ’
1673 2967 1774 3005 ἐκείν
1798 2968 1820 3003 i.
1839 2976 1908 3003 ras.
1925 2967 1957 3003 L

2013 1278 2032 1303 ὓ
