2029 3392
566 215 724 260 ANTlQ.
752 215 847 252 IUD.
872 216 970 251 XIII.
1018 217 1335 254 ARGUMENTA.
1700 224 1777 260 1-19

884 890 1024 943 XIII.

127 1019 289 1070 Τάδε
338 1023 594 1071 ἔνεστιν
631 1026 694 1072 ἐν
741 1029 810 1087 τῇ
858 1024 1370 1089 τρισκαιδεκάτῃ
1417 1032 1542 1076 τῶν
1581 1027 1782 1076 Ἰωσί-

178 1120 297 1149 που
344 1102 658 1164 ἱστοριῶν
704 1108 811 1165 τῆς
843 1103 1206 1167 Ἰουδαϊκῆς
1242 1105 1722 1172 ἀρχαιολογίας.

226 1260 295 1312 Ὡς
327 1260 520 1314 Ἰωνάθης
556 1261 737 1313 άὸελᾳὸς
775 1261 836 1304 ὢν
879 1261 1004 1305 Ἰούόα
1043 1261 1372 1317 τελευτήσαντος
1413 1263 1549 1307 αὐτοῦ
1586 1264 1662 1319 τὴν
1693 1265 1780 1320 ἠγε-

119 1322 276 1370 μονίαν
307 1321 555 1371 παρέλαβεν.

72 1384 91 1417 5
235 1374 292 1425 ὡς
323 1372 563 1428 πολεμήσας
584 1378 793 1428 Βακχίὸην
823 1373 1059 1428 ἠνάγκασεν
1081 1381 1228 1427 ([ιλίαν
1249 1375 1538 1430 ποιησάμενον
1568 1378 1677 1433 πρὸς
1707 1397 1781 1422 αυ-

119 1430 196 1474 τὸν
227 1431 430 1474 άπελθειι
461 1433 506 1472 ἐκ
536 1437 609 1484 τῆς
635 1429 788 1499 χώρας.

234 1486 299 1530 ὅτι
333 1487 599 1540 Ἀλέξανδρος
630 1484 653 1528 ὁ
684 1494 763 1529 τοῦ
797 1487 1052 1539 Ἐπιφανοῦς
1081 1486 1292 1540 ’1ντιιχου
1324 1489 1416 1540 υιὸς
1447 1488 1587 1532 ἐλθὼν
1619 1494 1675 1542 εἰς
1696 1498 1780 1534 Συ-

119 1549 217 1599 ρίαν
249 1543 468 1609 ἐξήνεγκεν
499 1543 689 1594 πόλεμον
721 1542 828 1597 πρὸς
859 1542 1110 1598 Δημήτριον.

233 1599 291 1651 ὡς
303 1598 546 1670 Δημήτριος
576 1598 941 1653 πρεσβευσάμενος
972 1599 1080 1654 πρὸς
1102 1598 1299 1655 ἴωνάθην
1330 1611 1511 1644 ποιεῖται
1543 1609 1780 1657 συμμαχίαν

51 1664 90 1699 10
118 1656 226 1711 πρὸς
257 1656 389 1698 αὐτὸν
421 1673 475 1698 ατ
468 1654 554 1698 ’τόν
584 1673 627 1698 τε
658 1663 838 1707 πολλοῖς
869 1655 1166 1710 δωρησάμενος
1196 1662 1266 1698 καὶ
1297 1674 1346 1699 το
1378 1660 1504 1709 ἔθνος
1534 1658 1664 1713 ἡμῶν.

231 1712 289 1764 ὡς
323 1713 590 1766 Ἀλέξανδρος
620 1719 754 1755 ταῦτα
786 1712 980 1782 ἀκούσας)
1004 1718 1074 1755 καὶ
1106 1712 1361 1766 ἱπερβαλών
1391 1713 1442 1756 τὰ
1464 1715 1579 1768 παρὰ
1598 1722 1679 1759 τοί
1699 1718 1778 1770 Δη-

113 1774 294 1840 μητρίου
333 1774 403 1811 καὶ
442 1769 667 1820 ἀποδείξας
712 1768 914 1823 Ἰωνάθην
954 1769 1143 1835 α’ρχιερέα
1186 1781 1417 1822 συμμαχεῖν
1452 1772 1611 1814 ἔπεισεν
1647 1772 1776 1828 αὐτῷ.

229 1843 253 1879 η
286 1825 419 1893 Ὀνίου
450 1831 569 1878 φιλία
608 1825 716 1879 πρὸς
753 1825 830 1868 τὸν
867 1826 1136 1880 Φιλομήτορα
1165 1832 1433 1877 Πτολεμαῖον
1463 1827 1570 1870 κατὰ
1599 1827 1676 1871 τὸν
1707 1829 1781 1871 αὐ-

115 1881 193 1926 τὸν
223 1881 375 1936 καιρὸν
405 1884 622 1935 γενομένη,
653 1886 723 1924 καὶ
745 1881 803 1952 ὡς
825 1881 1096 1939 ᾠκοδόμησεν
1118 1882 1195 1924 τὸν
1218 1882 1358 1926 Ὀνίου
1379 1882 1649 1935 καλοίμενον
1670 1884 1778 1928 ναὸν

49 1945 87 1980 15
117 1937 247 2009 πρὸς
254 1937 332 1981 τὸν
363 1940 408 1981 ἐν
432 1937 740 1992 Ἱεροσολυμοις
771 1938 885 1982 ὄντα.

230 1993 296 2038 ὅτι
337 1993 606 2049 Ἀλέξανδρος
643 1993 947 2046 α’ποθανόντος
986 1997 1228 2050 Δημητρίου
1267 1995 1432 2050 σφόδρα
1471 1998 1661 2051 ἐτίμησεν
1701 1997 1777 2041 ’lco-

114 2050 265 2119 νάθην.

229 2104 287 2159 ὥς
317 2106 552 2162 Δημητριος
591 2106 615 2149 ὁ
647 2109 889 2162 Δημητρίου
929 2118 1029 2158 παῖς
1071 2106 1256 2158 πλεύσας
1296 2111 1353 2158 εἰς
1390 2107 1467 2160 τὴν
1496 2114 1662 2162 Συρίαν
1692 2108 1770 2153 απὶ

114 2163 280 2220 Κρήτης
316 2169 387 2206 καὶ
426 2163 668 2218 πολειιήσας
705 2163 782 2206 τὸν
815 2163 1088 2218 Αλέξανδρον
1127 2168 1197 2206 καὶ
1226 2162 1437 2218 κρατήσας
1475 2164 1612 2208 αὐτοῦ
1648 2165 1779 2217 αὖτις

49 2227 87 2262 20
116 2222 382 2274 ἐβασίλευσεν
414 2226 561 2273 φιλίαν
593 2219 700 2274 πρὸς
732 2219 938 2274 Ἰωνάθην
969 2219 1265 2274 ποιησάμενος.

229 2353 478 2389 PFLAMVW
490 2354 560 2398 Lat

231 2408 403 2457 ἰωσήπου
425 2412 496 2456 τῆσ
521 2409 713 2456 ἰουδαϊκῆσ
738 2405 1014 2455 άρχαιολογίασ
1045 2410 1188 2456 βίβλοσ
1220 2406 1505 2456 τρισκαιδεκάτῃ
1528 2409 1723 2453 praemittit
1745 2409 1777 2445 F

233 2470 250 2503 1
275 2463 575 2513 τρισκαιδεκάτῃ]
601 2463 655 2513 ιγ’
679 2465 786 2501 AMV
789 2465 835 2499 W
960 2462 1158 2511 ἰωσή·που
1179 2465 1214 2498 A
1237 2466 1381 2512 ioseppz’
1401 2465 1471 2499 Lat
1584 2467 1603 2499 3
1629 2465 1777 2509 singulis

121 2523 298 2568 capitibus
321 2532 489 2558 numeros
514 2522 749 2567 praemittunt
772 2516 921 2558 ρι’-κε’
948 2521 1027 2555 LW
1054 2519 1244 2556 I—XXII
1262 2520 1334 2555 Lat
1470 2518 1775 2567 τελευτήσαντος]

118 2581 187 2616 τοῦ
209 2572 509 2625 τελευτήσαντοσ
533 2578 582 2613 W
697 2574 825 2619 αὐτοῦ]
851 2573 972 2613 αὐτὸσ
993 2576 1115 2612 AMW
1152 2570 1158 2575 ⁰
1230 2572 1455 2623 ἢγεμονεῑαν
1477 2576 1506 2611 Ρ
1611 2581 1630 2612 5
1655 2573 1718 2620 ὥς]
1742 2581 1779 2614 et

118 2634 416 2680 quemadmodum
439 2634 510 2669 Lat
534 2634 688 2679 primum
711 2637 820 2678 caput
844 2633 1057 2669 continuans
1183 2633 1398 2677 πολεμίσασ
1420 2632 1468 2667 W
1586 2628 1778 2679 ἠνάγκασε

117 2689 256 2726 FLMV
278 2694 315 2726 et
338 2701 382 2726 ex
399 2699 491 2726 corr.
509 2691 552 2732 A,
577 2693 618 2725 ut
640 2690 804 2725 adsolent
902 2691 922 2723 6
944 2687 1085 2735 χώρας]
1107 2685 1242 2734 χώρασ
1265 2683 1382 2724 αὐτοῦ
1405 2687 1434 2722 Ρ
1528 2692 1567 2723 10
1593 2684 1712 2725 αὐτόν
1734 2701 1777 2726 τε

120 2754 191 2781 om.
215 2745 415 2781 PFLVLat
507 2749 545 2782 11
572 2743 684 2782 ταῦτ’
708 2746 741 2781 V
849 2748 888 2780 12
912 2747 976 2781 καὶ
999 2743 1203 2788 ἀποδείξας
1226 2764 1268 2769 -
1295 2739 1410 2792 αὐτῷ]
1428 2744 1634 2791 Ρήηοφειη
1657 2755 1777 2780 sacer-

121 2799 246 2836 dotum
268 2800 455 2837 ionatham
480 2802 668 2837 ordinauit
690 2801 761 2837 Lat
866 2799 927 2838 ἐπὶ
952 2799 1040 2842 τοὺς
1062 2796 1154 2836 κατ’
1179 2795 1295 2837 αὐτοῦ
1317 2804 1400 2846 post
1424 2795 1527 2848 αὐτῷ
1549 2800 1631 2835 add.
1656 2800 1685 2835 P

122 2859 165 2892 14
190 2853 403 2903 ὄκοδόμησε
426 2857 458 2892 L
550 2856 648 2894 ναὸν
671 2868 699 2893 s.
726 2858 756 2892 F
852 2861 890 2891 15
915 2853 1025 2903 πρὸς]
1042 2860 1193 2903 praeter
1216 2855 1286 2890 Lat
1387 2858 1427 2891 16
1450 2850 1640 2902 Ἰωνάθην]
1666 2853 1776 2894 ἰωνᾰ-

120 2916 193 2959 θην
217 2908 288 2948 τὸν
311 2907 489 2961 ἀρχιερέα
512 2913 542 2948 Ρ
681 2916 720 2948 19
744 2915 807 2950 καὶ
832 2909 1047 2958 πολεμήσας
1072 2932 1110 2936 -
1140 2907 1267 2953 αὐτοῦ]
1292 2922 1510 2958 expugsnans
1534 2911 1775 2947 alexandrum

119 2968 193 3004 Lat
282 2963 398 3005 αὐτοῦ
421 2979 489 3004 om.
513 2967 686 3004 FLAMV
687 2969 732 3004 W
