2029 3392
96 1530 133 1564 10

613 194 772 239 ANTIQ.
799 193 893 229 IUD.
919 193 997 228 XV.
1047 191 1363 228 ARGUMENTA.
1742 189 1818 227 331

941 756 1042 807 XV.

165 890 327 941 Τάδε
365 894 621 940 ἔνεστιν
657 892 721 939 ἐν
767 896 835 953 τῇ
874 887 1430 950 πεντεκαιδεκάτῃ
1468 893 1591 936 τῶν
1621 885 1822 949 ’[ωσή-

238 990 362 1020 που
398 970 694 1033 ἱστοριῶν
730 975 832 1032 τῆς
860 968 1224 1031 Ἰουδαϊκῆς
1261 968 1744 1032 ἀρχαιολογίας.

265 1118 331 1170 Ως
363 1124 593 1172 ληφθείσης
623 1125 696 1171 τῆς
711 1117 1059 1172 “‚Iaeoooohmrcffiv
1091 1115 1257 1167 πόλεως
1291 1115 1373 1158 {svb
1396 1120 1583 1158 Σοσσίου
1610 1119 1678 1156 καὶ
1692 1113 1825 1166 Πρώ-

162 1180 240 1219 ὁου
272 1175 492 1226 Ἀντωίιος
529 1180 605 1226 μὲν
640 1177 880 1227 ,’1ν’τιγονον
922 1176 1157 1216 ἐπελέκισεν
1197 1176 1241 1215 ἐν
1280 1170 1745 1227 Ῐ-1ντιοχειᾳ,11ρο)’ὁης
1785 1175 1824 1213 de

160 1235 602 1287 τεσσαρακοιταπέντε
633 1238 720 1274 τῶν
753 1234 917 1273 ἐκείνου
949 1237 1090 1283 φίλων
1121 1230 1321 1283 πρώτους
1343 1234 1682 1282 Ιεροσολυμιτῶν
1705 1231 1828 1270 ἐπαι-

161 1295 293 1332 ειλετο
324 1295 393 1331 καὶ
425 1289 501 1343 τὴν
533 1289 660 1331 πόλιι
693 1289 770 1342 ἦρ)
774 1287 1007 1342 υρολόὶησε
992 1305 1046 1330 ν.

275 1344 325 1387 ὃν
357 1346 521 1399 τρόποι
545 1345 747 1399 Ιρκανὸς
779 1364 802 1387 ο
835 1362 1006 1398 πρωτος
1036 1350 1160 1395 βασιλ
1165 1343 1233 1394 εἰς
1267 1343 1477 1386 ’[ουὸαίων
1512 1347 1581 1383 καὶ
1613 1339 1828 1395 αρχιερεὶς

162 1403 333 1455 αᾳεθεὶς
366 1402 450 1444 ὕπὸ
481 1409 559 1445 τοῦ
590 1409 678 1445 τῶν
701 1400 890 1455 Πάρθων
920 1404 1127 1452 βασιλέως
1151 1399 1353 1454 ’1ρσακου
1386 1398 1492 1453 πρὸς
1507 1397 1699 1452 ΙΙρώὸι,ν
1732 1397 1827 1440 ιπε-

163 1473 352 1529 στρεψεν.

276 1533 334 1566 ως
357 1514 544 1570 ΙΙρώόης
563 1513 893 1585 Αριστόβουλον
924 1513 1000 1556 τὸν
1031 1520 1103 1568 τῆς
1133 1530 1335 1566 γυναικος
1356 1511 1609 1566 ἏΙαριάιιμης
1641 1510 1827 1564 α’ὁελᾳὸν

163 1573 353 1627 ἀρχιερέα
384 1571 648 1626 καταστήσεις
677 1572 774 1621 μετ’
796 1571 849 1613 οὐ
880 1570 994 1614 πολὺ
1025 1575 1314 1624 ὁιαφθαρηναι
1346 1568 1668 1623 παρεσκεύασεν

276 1629 333 1680 ὡς
374 1628 627 1681 Κλεοπάτρα
671 1646 719 1682 τῃ
764 1645 853 1671 των
893 1627 1103 1671 ’[ουὸαίων
1148 1631 1218 1669 καὶ
1260 1626 1444 1681 Αράβων
1489 1626 1828 1678 ἐπιβουλευουσα

160 1691 351 1740 βασιλεία
380 1689 482 1739 με’ρη
513 1691 660 1736 λαβεῖν
692 1685 837 1727 αυτῶι
870 1685 1010 1737 ἴσχυσε
1041 1683 1151 1738 παρ’
1174 1683 1412 1726 Ἀντωνίου.

273 1742 548 1797 Κλεοπατρας
579 1746 634 1792 είς
665 1741 742 1796 τὴν
775 1741 977 1785 Ἰουδαίαν
1008 1746 1233 1795 παρουσία.

271 1832 488 1900 PFLAMW

273 1919 443 1968 ἰωσήπου
473 1924 542 1967 τῆσ
572 1921 765 1968 ἰουδαϊκῆσ
796 1918 1075 1968 ἅρχαιολογίασ
1107 1919 1228 1968 λόγοσ
1259 1920 1602 1958 πεντεκαιδέκατοσ
1633 1919 1832 1965 praemittit

160 1979 190 2014 F
281 1981 502 2023 Argumenta
525 1989 594 2014 om.
621 1979 652 2014 V
748 1981 764 2014 1
790 1977 831 2015 ἐν
856 1981 902 2024 τῇ
925 1975 975 2014 ιε’
1001 1977 1156 2012 LAMW
1264 1975 1465 2024 ἰωσή-που
1488 1977 1522 2011 Α
1617 1980 1636 2011 3
1662 1985 1831 2011 numeros

162 2035 339 2081 capitibus
363 2035 501 2070 addunt
525 2034 567 2072 α’
587 2058 629 2062 -
646 2029 700 2078 ιη’
717 2035 747 2069 L
774 2032 813 2071 α’
831 2055 874 2059 —
891 2031 940 2071 ιε’
958 2033 1005 2068 W
1034 2033 1208 2069 I-XIII
1227 2035 1298 2069 Lat
1413 2037 1434 2068 4
1457 2032 1684 2080 ἐπελέκησεν
1707 2032 1737 2066 F

163 2095 182 2127 5
205 2089 270 2136 με’
287 2091 362 2126 ΑΜ
431 2094 560 2138 φυλῶν
577 2091 606 2125 F
678 2105 834 2140 πρωτου
850 2091 880 2125 L
950 2090 1179 2128 ἐπανείλατο
1196 2091 1258 2126 PL
1277 2089 1501 2128 ἐπανελθὼν
1519 2087 1690 2128 ἀνείλετο
1709 2087 1832 2123 AMW

160 2181 328 2207 reuersus
351 2171 555 2206 extinxerit
578 2170 649 2206 Lat
787 2173 806 2205 6
832 2167 909 2216 τὴν]
937 2166 983 2207 τὰ
1008 2167 1106 2208 κατὰ
1132 2167 1200 2217 τὴν
1224 2171 1254 2205 F
1284 2151 1339 2208 seg
1358 2184 1426 2217 την
1449 2170 1480 2204 L
1620 2172 1637 2203 ἰ’
1665 2170 1830 2216 πρῶτος]

163 2226 358 2278 πρότερον
390 2227 547 2263 Dindorf
681 2229 765 2272 post
789 2238 824 2262 u.
853 2230 890 2261 11
925 2227 1235 2274 (παρεσκεύασεν)
1268 2228 1359 2262 haec
1388 2227 1488 2262 addit
1510 2226 1560 2262 L·
1593 2222 1627 2262 δ’
1654 2221 1710 2261 ὡσ
1734 2237 1831 2269 μετα

163 2283 231 2332 τὴν
254 2281 452 2331 ἀναίρεσιν
476 2280 757 2332 α’ριστοβοίλου
779 2281 999 2331 κλεοπάτρα
1024 2280 1098 2320 υπὸ
1116 2287 1186 2330 τῆσ
1203 2280 1438 2330 ἅλεξάνδρασ
1462 2285 1532 2328 τῆσ
1549 2278 1698 2328 μητρὸσ
1715 2277 1833 2317 αυτοῦ

164 2339 222 2380 δια
247 2338 482 2390 γραμμάτων
506 2344 795 2388 παρακληθεῖσα
826 2353 952 2377 επεισε
983 2337 1053 2376 τὸν
1084 2335 1272 2377 ἀντώνιον
1301 2336 1662 2384 μετακαλεσάμενον
1684 2334 1834 2384 ἧρώδην

164 2395 366 2444 ἅνακρίναι
391 2401 530 2434 τοῦτον
554 2400 640 2444 περὶ
665 2400 733 2434 τοῦ
756 2394 896 2443 φόνου·
931 2410 951 2433 ο
985 2396 1024 2433 δὲ
1055 2394 1376 2444 παραγενόμενοσ
1411 2393 1606 2433 διελύσατο
1634 2391 1679 2431 τὰ
1704 2387 1834 2439 ἐγκλή-

163 2471 278 2502 ματα.
328 2453 363 2492 ε’
382 2453 439 2491 ὥσ
461 2451 610 2502 ἥρω’δησ
633 2451 855 2490 καταλιπὼν
878 2449 1067 2490 αντώνιον
1089 2455 1153 2489 καὶ
1171 2453 1228 2490 εἰσ
1246 2449 1477 2517 ἰἐροσόλτζμα
1494 2447 1630 2488 ἐλθὼν.
1681 2448 1830 2496 ψευδέσι

163 2516 364 2560 διαβολαῖσ
393 2507 643 2548 α’ναπεισθεὶσ
674 2508 742 2557 τὴν
773 2516 930 2557 γυναῖκα
963 2506 1183 2557 μαριάμμην
1215 2505 1364 2546 ανελεῖν
1396 2504 1605 2555 ηβουλήθη·
1637 2508 1701 2543 καὶ
1734 2506 1833 2543 τέωσ

163 2569 232 2614 μὲν
249 2571 292 2614 τῆ
308 2566 458 2614 εκείνησ
479 2563 746 2616 κρατούμενοσ
762 2567 1014 2613 φιλοστοργία
1032 2569 1100 2602 τοῦ
1117 2563 1221 2613 πρὸσ
1238 2561 1353 2611 αυτὴν
1369 2560 1557 2611 ἀπέσχετο
1583 2557 1708 2610 φόνου
1725 2559 1832 2608 ἰώση-

165 2639 240 2662 πον
264 2625 302 2662 δὲ
327 2622 397 2661 τὸν
421 2621 540 2672 α’νδρα
567 2621 763 2669 σαλώμησ·
796 2618 889 2668 αὐτῆ
921 2619 1118 2670 μαριάμμη
1143 2620 1461 2668 συνδιαβληθὲντα
1486 2623 1718 2668 παραχρῆμα
1742 2615 1833 2657 α’πέ-

166 2695 310 2719 κτεινεν
382 2683 422 2716 12
446 2683 510 2717 καὶ
534 2683 612 2717 τῶν
636 2675 796 2726 αράβων
813 2679 842 2713 L
916 2680 956 2713 13
980 2677 1086 2723 μέρει
1110 2674 1241 2725 λαβὼν
1258 2677 1287 2712 L
1357 2673 1493 2719 αὐτῶν]
1519 2673 1638 2714 αὐτὸν
1661 2675 1690 2710 F
1717 2671 1834 2721 αὐτὴν

167 2738 198 2772 L
268 2741 310 2773 14
336 2734 588 2785 Κλεοπάτρας
605 2757 647 2761 -—
665 2736 869 2781 παρουσία]
894 2734 994 2770 etad
1017 2733 1184 2770 iudaeam
1205 2734 1375 2779 peruenit
1397 2733 1468 2768 Lat
1493 2735 1603 2778 caput
1618 2731 1834 2768 antecedens

168 2791 283 2837 (IIII)
308 2794 523 2829 continuans
650 2789 914 2838 Κλεοπάτρας]
947 2793 1012 2826 καὶ
1036 2786 1092 2826 ὡσ
1115 2787 1336 2837 κλεοπάτρα
1360 2789 1389 2824 L
1421 2791 1485 2826 καὶ
1509 2785 1565 2825 ὡσ
1588 2785 1835 2835 κλεοπάτρασ

169 2849 221 2884 sic
243 2848 273 2883 F
300 2853 407 2894 caput
430 2850 631 2894 proximum
656 2846 701 2891 (ς’
721 2848 764 2890 L)
790 2848 1041 2883 continuantes
1158 2843 1225 2892 τὴν
1249 2856 1316 2881 om.
1341 2846 1371 2880 L
1487 2846 1694 2892 παρουσία]
1720 2857 1834 2892 παρε·

169 2905 300 2951 γένετο
331 2899 460 2952 ἥντινα
491 2906 705 2953 παρολίγον
736 2900 886 2951 ἡρώδησ
917 2899 1047 2949 ἅνήρει
1078 2900 1182 2948 εἰμὴ
1207 2898 1312 2948 παρὰ
1338 2904 1416 2938 τῶν
1439 2902 1562 2948 φίλων
1587 2897 1704 2938 αὐτοῦ
1726 2914 1835 2938 κατε·

172 2960 289 3007 σχέθη
313 2960 342 2995 L
