2107 3377
315 181 369 219 60
735 180 896 225 ANTIQ.
922 179 1020 216 IUD.
1044 180 1097 215 XI
1123 183 1303 217 293—298
1328 184 1385 224 (v1.
1404 187 1454 214 13.
1473 186 1530 216 vu.
1550 184 1578 225 1)

317 303 402 349 ψεν
435 295 482 338 δὲ
513 294 804 350 ΖΙΙαρδοχαῐος
842 303 937 344 τοῖς
977 293 1021 336 ἐν
1050 296 1105 351 τῇ
1129 289 1420 350 Ἀρταξέρξου
1450 296 1658 353 βασιλείᾳ
1690 294 1852 352 [ζῶσιν]
1877 292 1985 341 Ἰου-

318 362 463 413 δαίοις
491 362 655 412 ταύτας
686 360 1058 418 παραφυλάσσειν
1089 360 1169 412 τὰς
1199 359 1362 420 ἡμέρας
1399 365 1471 406 καὶ
1504 362 1658 418 ἑορτὴν
1697 359 1818 419 ἄγειν
1850 359 2014 416 αὖτὰς·

317 431 391 473 καὶ
421 439 514 480 τοῖς
547 429 740 486 ἐκγόνοις
771 429 1052 484 παραδοῦναι
1080 432 1159 472 τοῦ
1180 429 1295 484 πρὸς
1315 429 1464 473 πάντα
1487 431 1714 485 διαμεῖναι
1732 429 1810 474 τὸν
1826 429 1986 488 χρόνον

203 500 285 543 294
316 497 394 556 τὴν
433 496 586 555 ἑορτὴν
625 496 747 540 ἕνεκα
786 497 861 539 καὶ
897 495 956 552 μὴ
999 492 1114 554 λήθῃ
1154 499 1531 553 παραπολέσθαι·
1571 497 1875 555 μελλήσαντας
1903 498 1986 557 γὰρ

321 562 478 616 αὐτοὺς
510 564 553 608 ἐν
574 564 757 614 ταύταις
779 563 1138 621 διαφθείρεσθαι
1167 574 1266 615 ταῖς
1287 563 1471 621 ἡμέραις
1502 562 1589 609 ὕπὸ
1609 561 1806 620 Ἀμάνου
1837 566 1987 612 δίκαια
2016 566 2057 608 82

317 633 536 690 ποιήσειν,
569 631 607 676 εἰ
629 631 918 688 διαφυγόντες
939 632 1017 686 μὲν
1040 631 1084 675 ἐν
1107 628 1262 683 αὐταῖς
1282 631 1359 675 τὸν
1379 634 1577 676 κίνδυνον
1598 632 1701 684 τοὺς
1732 629 1775 676 δ’
1801 634 1988 691 ἐχθροὺς

205 705 287 745 295
317 700 677 758 τιμωρησάμενοι
699 700 1090 757 παρατηρήσουσιν
1113 696 1250 751 αὐτὰς
1280 695 1636 755 ευχαριστοῦντες
1666 704 1729 757 τιιῦ
1750 704 1860 758 θειιῦ.
1911 701 1988 746 διὰ
2031 721 2042 732 ·-

316 772 456 812 ταῦτα
485 769 564 824 μὲν
596 768 639 811 οἱ
666 764 871 812 Ιουδαῖοι
901 784 981 818 τας
1011 772 1335 826 προειρημένας
1355 766 1521 825 ἡμέρας
1541 768 1823 825 ἑορτάζουσιν
1845 784 1988 825 προσ·
2035 759 2043 795 .'

319 836 634 893 αγορεύσαντες
674 831 810 886 αὐτὰς
840 838 1072 893 φρουρέας.
1133 853 1155 879 ο
1191 836 1238 879 δὲ
1269 836 1561 892 ,Ἠαρδοχαῖος
1590 839 1727 892 μέγας
1755 853 1803 880 τε
1831 835 1885 894 ἠν
1913 839 1988 882 καὶ

319 903 525 961 λαμπρὸς
563 902 687 959 παρὰ
726 905 789 960 τιιιῖ
826 904 1006 958 βασιλεῖ
1041 905 1113 946 καὶ
1158 904 1409 947 συνδιεῖπεν
1448 900 1567 960 αὐτῷ
1596 903 1675 962 τὴν
1707 900 1841 961 ἀρχὴν
1872 899 1989 948 ἆπο-
2019 903 2060 950 ¹0·

206 976 287 1018 296
319 971 463 1015 λαὺων
504 966 594 1026 άμα
633 973 707 1014 καὶ
745 973 823 1029 τῆς
852 974 1086 1020 κοινωνίας
1114 973 1191 1014 τοῦ
1221 976 1321 1027 βίοι
1352 975 1406 1029 τῇ
1435 972 1690 1029 βασιλίσση.
1749 970 1802 1028 ἠν
1836 972 1884 1016 δὲ
1913 974 1988 1017 καὶ

315 1049 410 1090 τοῖς
450 1035 681 1089 Ιουδαίοις
718 1038 774 1081 τὰ
816 1037 1056 1094 πράγιιατα
1102 1034 1161 1081 δι’
1199 1035 1359 1090 αὐτοὺς
1399 1035 1564 1094 ἀμείνω
1603 1039 1751 1097 πάσης
1791 1039 1988 1091 ἐλπίδος.
2034 1030 2041 1034 ⁶

315 1109 389 1150 καὶ
419 1106 474 1149 τὰ
496 1107 576 1161 μὲν
596 1106 771 1157 τούτοις
790 1105 1106 1161 βασιλεύοντος
1121 1101 1414 1163 Ἀρταξέρξου
1444 1106 1672 1162 συμβάντα
1699 1109 1856 1151 τοῦτον
1877 1105 1989 1162 εἶχεν

317 1174 394 1218 τὸν
425 1174 608 1230 τρόπον.

204 1245 285 1286 297
431 1243 524 1286 VII.
561 1247 596 1284 1.
624 1236 966 1292 Ἀποθανόντος
1006 1241 1053 1284 δὲ
1082 1243 1161 1284 τοῦ
1193 1237 1426 1297 ἀρχιερέως
1452 1238 1704 1297 Ἐλεασίβου
1733 1242 1812 1299 τὴν
1844 1239 1991 1299 ἆρχιε-
2020 1241 2057 1290 18

318 1309 516 1366 ρωσύνην
549 1305 700 1360 Ἰώδας
737 1305 759 1352 ὅ
802 1317 911 1359 παῖς
958 1304 1092 1352 αὐτοῦ
1138 1308 1377 1360 διεδέξατο.
1443 1309 1784 1368 τελευτησαντος
1829 1310 1877 1354 δὲ
1914 1311 1988 1354 καὶ

320 1377 476 1420 τούτου
518 1376 596 1434 τὴν
627 1375 758 1434 τιμὴν
784 1372 989 1434 Ἰωάννης
1026 1375 1123 1428 ὐἱὸς
1159 1371 1220 1420 (ἣν
1259 1373 1393 1421 αὐτοῦ
1424 1379 1696 1433 παρέλαβεν,
1737 1373 1799 1422 δι’
1835 1377 1886 1422 ὃν
1915 1379 1990 1422 καὶ

318 1443 534 1502 Βαγώσης
573 1441 595 1488 ὃ
639 1443 882 1502 στρατηγὸς
918 1447 998 1488 τοῦ
1031 1442 1196 1502 [ἄλλου]
1222 1441 1515 1502 Ἀρταξέρξου
1553 1445 1631 1489 τὸν
1671 1444 1775 1489 ναὸν
1813 1444 1989 1501 ἐμίανεν

316 1513 391 1555 καὶ
422 1512 589 1570 φόρους
610 1513 797 1592 ἐπέταξε
816 1522 912 1564 τοῖς
926 1509 1171 1566 Ἰουδαίοις,
1203 1515 1310 1593 πρὶν
1331 1513 1411 1565 τὰς
1432 1512 1735 1571 καθημερινὰς
1756 1513 1989 1572 ἐπιφέρειν

317 1583 485 1631 θυσίας
515 1598 627 1637 υπερ
660 1577 792 1637 αρνὸς
823 1580 1008 1624 εκάστου
1038 1581 1179 1625 τελεῖν
1211 1598 1370 1632 αυτους
1393 1582 1586 1640 δημοσία
1608 1581 1805 1637 δραχμὰς
1825 1581 1988 1640 πεντή-

205 1653 285 1693 298
318 1665 463 1691 κοντα.
522 1649 679 1692 τούτου
721 1649 767 1692 δὲ
806 1648 885 1706 τὴν
918 1648 1064 1692 αἰτίαν
1095 1649 1302 1707 τοιαύτην
1334 1653 1490 1707 συνέβη
1521 1652 1753 1706 γενέσθαι·
1794 1645 1990 1708 ἀδελφὸς

319 1734 370 1774 ην
399 1718 463 1773 τῶ
488 1713 665 1774 Ἰωάννη
691 1713 879 1774 Ἰησοῦς·
910 1717 1052 1773 τούτῳ
1075 1718 1192 1774 φίλω
1213 1717 1469 1773 τιγχάνοντι
1491 1715 1513 1761 ὅ
1537 1717 1752 1775 Βαγώσης
1773 1715 1988 1772 ὑπέσχετο

430 1841 452 1884 ξ
478 1842 542 1875 293
567 1859 609 1870 =
634 1840 768 1875 Esther
792 1840 844 1874 IX
870 1842 923 1875 20.

431 1942 787 1979 PFLAOVWELat
799 1944 959 1979 Zonaras
984 1943 1000 1977 I
1025 1955 1060 1988 p.
1087 1946 1163 1978 327.

434 2003 447 2033 1
470 2002 526 2046 τῇ]
546 2003 590 2047 τῆ
607 2003 675 2036 τοῦ
691 2000 789 2034 FLV
859 2006 1085 2035 artarxerxe
1102 1998 1172 2034 Lat
1239 2002 1293 2046 βιὶ
1314 1999 1345 2033 V
1363 1999 1457 2034 uude
1473 2000 1659 2046 βασιλέως
1675 2000 1730 2036 ed.
1749 2011 1803 2045 pr.
1873 2003 1990 2046 ζιῦσιν

318 2066 385 2091 om.
412 2056 442 2091 L
514 2060 532 2091 3
557 2055 736 2104 ἐγγόνοισ
761 2056 840 2091 FW
922 2053 1084 2098 πάντασ,
1110 2068 1132 2092 σ
1149 2056 1303 2091 deletum
1320 2055 1349 2090 P
1432 2058 1451 2090 4
1475 2058 1551 2097 καὶ]
1578 2059 1646 2093 τοῦ
1669 2059 1733 2094 καὶ
1757 2057 1837 2092 LW
1864 2100 1873 2107 ι
1905 2061 1988 2104 μελ-

319 2110 509 2158 λήσοντασ
525 2113 591 2149 FV
615 2127 679 2158 με·
694 2111 887 2160 λήσαντασ
904 2112 933 2147 L
1028 2114 1048 2146 6
1073 2111 1108 2148 εἰ
1130 2123 1198 2148 om.
1218 2112 1265 2147 W
1359 2109 1616 2158 διαφυγόντες]
1642 2114 1681 2151 δὲ
1704 2112 1895 2162 φυγόντεσ
1911 2114 1942 2149 L

321 2166 389 2205 τὸν
412 2170 588 2206 κίνδυνον
612 2169 654 2207 ἐν
679 2167 813 2207 αὐταῐσ
838 2172 882 2206 tr.
909 2169 1005 2205 FLV
1132 2164 1178 2211 δ’]
1205 2179 1273 2204 om.
1300 2169 1328 2203 P
1353 2169 1391 2205 δὲ
1416 2169 1481 2203 LA
1609 2174 1626 2204 Τ
1653 2170 1990 2218 παρατηρήσονται

318 2226 383 2261 FV
500 2229 518 2262 8
547 2226 594 2268 οἳ]
622 2221 689 2264 οὖν
713 2226 810 2261 FAV
928 2224 1319 2273 *προσαγορεύοντεσ
1347 2226 1443 2261 FLV
1468 2225 1848 2274 προσαγορεύσουσιν
1871 2227 1900 2263 P

319 2288 339 2318 9
365 2283 568 2330 φρουρέας]
594 2285 813 2331 φρουραίασ
839 2285 892 2326 (αἱ
908 2283 931 2318 i.
951 2293 1021 2319 ras.
1044 2288 1056 2318 1
1075 2284 1143 2318 litt.
1162 2282 1208 2325 A)
1225 2282 1389 2317 FLAVE
1415 2283 1632 2329 ([ρουρέουσ
1648 2284 1696 2319 W
1713 2287 1991 2320 conservatores
2020 2291 2021 2294 ’

319 2339 390 2375 Lat
413 2341 622 2387 φουραίους
646 2340 794 2376 Grotius
927 2344 965 2375 10
992 2337 1209 2381 ἀπολαύων]
1235 2335 1438 2376 ἀπολλύων
1461 2339 1489 2374 P
1631 2343 1671 2375 12
1697 2336 1846 2384 αὐτοὺς]
1871 2336 1991 2378 αὐτὸν

319 2419 351 2454 Ε
470 2422 509 2454 13
536 2416 696 2462 τούτοις]
722 2417 886 2459 τούτουσ
910 2420 938 2455 Ρ
962 2418 1004 2456 ἐν
1028 2417 1183 2456 τούτοισ
1207 2418 1237 2452 L
1359 2396 1590 2466 ιῖρτέῖξὲρξου
1614 2420 1646 2454 Α
1671 2425 1896 2456 artarxeroee
1919 2419 1990 2455 Lat

434 2479 473 2511 15
498 2476 521 2510 i.
541 2486 649 2521 marg.
677 2470 717 2521 ζ’
734 2477 763 2511 L
790 2475 869 2511 VII
882 2476 953 2511 Lat
1045 2475 1248 2522 *ἐλεσίβου
1273 2475 1300 2509 Ρ
1324 2473 1516 2518 ἐλιασίβου
1540 2476 1604 2511 LV
1629 2476 1803 2512 leeliasibo
1828 2475 1900 2512 Lat

323 2536 362 2566 16
382 2528 516 2575 Ἰώδας]
542 2531 691 2579 ἰ’ωάχασ
708 2533 735 2568 Ρ
761 2531 890 2574 ἰώδασ,
916 2533 1057 2568 litterae
1083 2548 1112 2569 ω
1138 2532 1320 2567 dimidium
1337 2533 1513 2577 posterius
1532 2536 1567 2568 et
1584 2536 1605 2569 δ
1619 2533 1641 2568 i.
1660 2543 1732 2569 ras.
1750 2534 1781 2567 A
1806 2529 1939 2569 ἰούδασ
1956 2531 1990 2567 V

320 2585 433 2634 ἰοχὰσ
458 2589 505 2623 W
530 2587 675 2626 ίωάδασ
698 2590 731 2624 Ε
757 2590 864 2625 iudas
889 2590 959 2624 Lat
1066 2592 1103 2624 17
1132 2586 1342 2635 *Ἰωάννης-1
1369 2585 1389 2623 ὸ
1417 2589 1581 2635 ι’ωιὶννησ
1605 2589 1703 2625 FOV
1817 2586 1897 2632 υἱὸς
1921 2585 1988 2631 div]

321 2642 341 2681 ὁ
368 2644 452 2682 vibo
478 2645 510 2680 Ε
628 2649 668 2681 18
693 2644 908 2693 *Βαγώσης]
933 2643 1110 2693 βαγόσησ
1133 2645 1163 2679 F
1188 2642 1350 2692 βαγώασ
1374 2649 1436 2685 (ασ
1461 2645 1482 2680 i.
1502 2655 1571 2680 ras.
1590 2646 1636 2686 A)
1660 2646 1724 2680 LA
1747 2642 1932 2692 μαγώσησ
1954 2644 1990 2681 V

320 2699 459 2748 Βαγωά
478 2705 619 2746 (genet.)
636 2703 713 2738 Zon
783 2701 912 2745 ἄλλου]
938 2713 1007 2738 om.
1026 2702 1137 2737 PAW
1155 2702 1306 2738 callet-lus
1323 2701 1392 2736 Lat
1416 2704 1510 2738 λαοῦ
1528 2701 1691 2737 FLOVE
1705 2699 1812 2748 Ἅγιοι·
1829 2701 1989 2747 Scaliger

432 2756 692 2829 *ἅρτάξέρξου
715 2783 749 2817 A
775 2782 1011 2818 artaroeerxis
1035 2782 1104 2817 Lat
1241 2778 1379 2822 *vabvl
1403 2777 1498 2817 λαὸν
1523 2780 1552 2816 Ο
1684 2784 1724 2816 19
1749 2783 1850 2827 πρὶν]
1876 2777 1989 2830 πρινὴ

318 2837 463 2873 FLVW
490 2842 578 2885 πρὶν
603 2837 624 2885 7¹)
648 2839 747 2875 ΑΟΕ
893 2841 934 2873 20
960 2834 1106 2885 *α’ρνοῦ
1130 2842 1187 2881 (ex
1212 2834 1336 2882 α’ρνὸσ
1361 2848 1451 2873 corr.
1478 2838 1522 2876 A)
1550 2837 1615 2872 AV
1642 2837 1663 2872 i.
1682 2847 1792 2883 marg.
1820 2852 1867 2885 γρ
1893 2836 1988 2886 ὑπὲρ

319 2894 486 2942 ἅρρενοσ
510 2897 541 2930 A
618 2893 817 2942 *δημόσια,
842 2910 864 2931 α
891 2906 933 2930 ex
960 2906 1049 2931 corr.
1077 2895 1123 2929 W
1215 2891 1489 2940 *πεντήκοντα1
1516 2899 1535 2930 ῦ
1558 2895 1591 2929 V
1674 2896 1714 2928 22
1741 2892 1883 2932 ἰωάννιι
1910 2894 1943 2930 Ε

320 2947 523 3000 *βαγόσησ
549 2952 577 2986 F
602 2951 764 2999 βαγώασ
788 2956 851 2991 (ασ
871 2953 893 2988 i.
913 2962 983 2988 ras.
1004 2956 1022 2985 3
1041 2952 1107 2987 litt.
1127 2954 1172 2994 A)
1197 2951 1261 2986 LA
1287 2951 1444 2997 lmqosus
1470 2951 1537 2985 Lat
