2029 3392
566 222 723 266 ANTIQ.
750 221 844 258 IUD.
871 222 953 256 XIV
983 226 1156 259 16⁴5—171
1184 227 1286 262 (ms.
1304 230 1334 265 ⁴)
1700 224 1775 261 271

122 344 285 396 τροποί
316 354 386 382 σοι
427 340 512 381 τιῦν
543 334 814 392 πραγμάτων
844 330 1138 390 Ἀντίπατρος
1177 338 1246 379 καὶ
1281 336 1321 379 οἱ
1355 335 1511 381 παῖδες
1543 331 1675 377 αι’-τοῦ
1709 339 1781 379 νῦν

124 408 249 463 εἰσιν,
278 405 388 464 μηδὲ
419 401 570 447 ἀπάτα
601 401 762 445 σαυτὸν
792 404 922 444 τοῖτο
955 403 1168 456 οἰόμενος,
1203 401 1313 446 ἀλλὰ
1337 403 1552 445 δεσπόται
1584 406 1782 460 ([ανεριῦς

123 471 506 530 ἀνωμολόγηνται·
537 472 606 513 καὶ
630 466 926 527 γάρἩρώδι,ς
957 466 978 510 ὁ
1013 479 1121 520 παῖς
1153 467 1285 513 αὐτοί
1312 466 1498 522 Ἐζεκίαν
1529 466 1782 513 ἀπέκτεινεν
1816 476 1892 515 167

122 545 192 586 καὶ
225 540 417 590 πολλοῖς
448 538 525 581 σὺν
557 535 675 594 αὐτῷ
707 536 915 592 παραβὰς
945 535 1021 579 τὸν
1053 535 1260 595 ἡμέτερον
1292 539 1438 592 νόμον,
1471 537 1519 588 ὂς
1548 537 1783 580 κεκώλυκεν

72 619 90 651 5
121 608 362 665 ἄνθρωπον
395 603 589 661 ἀναιρεῖν
619 607 690 648 καὶ
724 604 918 662 πονηρὸν
949 601 1068 651 ὄντα,
1102 604 1139 646 εἰ
1164 605 1219 662 μ’]
1247 607 1462 661 πρότερον
1494 609 1781 661 κατακριθεῖη

121 680 250 723 τοῦτο
281 678 448 718 παθεῖν
481 670 565 715 ὑπὸ
599 675 676 715 τοῦ
699 672 940 727 συνεδρίου.
987 671 1043 726 μὴ
1070 671 1215 727 λαρίὐν
1248 674 1294 716 δὲ
1316 673 1517 724 ἐξουσίαν
1548 672 1672 727 παρὰ
1705 675 1783 715 σοῦ

122 747 258 789 ταῦτα
284 742 565 799 ἐτόλμησεν.“

233 816 270 854 4.
297 807 498 865 Ὑρκανὸς
531 808 577 850 δὲ
599 806 788 858 ἀκούσας
818 809 957 850 ταῦτα
989 811 1225 850 πείθεται·
1257 808 1548 863 προσεξῆψαν
1579 808 1625 850 δὲ
1649 804 1782 850 αι”τοῦ
1818 809 1895 851 168

118 878 196 937 τὴν
225 873 356 934 ὀργὴν
386 877 459 919 καὶ
492 876 537 918 αἱ
568 879 750 932 μητέρες
779 877 868 918 τιῦν
897 873 984 917 ’ὑπὸ
1013 872 1214 928 Ἡρώδου
1248 879 1608 933 πεφονευμένων·
1652 871 1783 919 αὗται

52 955 89 989 10
116 944 198 1003 γὰρ
233 939 342 987 καθ’
379 942 564 1001 ἑκάστην
596 940 761 999 ἡμέραν
802 942 846 985 ἐν
877 945 939 998 τῷ
972 943 1076 999 ἱερῷ
1108 944 1450 998 παρακαλοῖ-σαι
1488 942 1565 986 τὸν
1594 944 1782 998 βασιλέα

116 1014 189 1057 καὶ
218 1011 295 1055 τὸν
327 1012 476 1068 δῆμον,
513 1011 587 1054 ἵνα
619 1011 741 1068 δίκην
767 1008 963 1068 ςΗριόδης
994 1009 1038 1053 ἐν
1068 1013 1131 1066 τῷ
1162 1012 1376 1064 συνεδρίῳ
1406 1013 1491 1053 τῶν
1522 1014 1782 1067 πεπραγμέ-

116 1097 201 1124 νων
222 1077 406 1136 ὗπόσχῃ,
439 1079 673 1122 διετέλουν.
723 1080 923 1136 κινηθεὶς
954 1069 1030 1121 οὖν
1060 1076 1149 1122 ὑπὸ
1178 1078 1346 1122 τούτων
1363 1076 1782 1136 Ὑρκανὸς“Ηριόὸ“ι]ν
1816 1082 1895 1122 169

116 1147 260 1191 ἐκάλει
301 1146 590 1201 δικασόμενον
630 1144 743 1202 ὑπὲρ
783 1140 842 1188 ὦν
883 1146 1152 1201 διεβάλλετο.
1221 1144 1242 1190 ὁ
1278 1147 1324 1190 δὲ
1354 1143 1453 1204 ἧκεν
1493 1149 1571 1190 τοῦ
1611 1145 1782 1201 πατρὸς

117 1211 235 1271 αὐτῷ
271 1217 626 1268 παραινέσαντος
664 1213 721 1270 μὴ
765 1211 825 1264 ὥς
856 1213 1009 1271 ἰδιώτῃ
1049 1214 1160 1269 μετὰ
1193 1210 1235 1257 δ’
1273 1211 1522 1272 ἀσφαλείας
1560 1214 1781 1258 εἰσελθεῖν

47 1291 84 1325 15
114 1285 186 1327 καὶ
219 1284 416 1340 φυλακῆς
444 1285 522 1338 τῆς
552 1284 656 1337 περὶ
687 1281 736 1326 τὸ
762 1285 901 1336 σῶμα,
934 1283 988 1324 τά
1019 1299 1067 1325 τε
1087 1282 1197 1325 κατὰ
1228 1281 1305 1339 τὴν
1329 1283 1571 1326 Γαλιλαίαν
1603 1280 1663 1333 ιῦς
1686 1281 1781 1326 ἐνό-

115 1366 243 1407 μισεν
276 1346 397 1406 αὐτῷ
424 1353 664 1407 συμφέρειν
687 1346 1047 1408 ἀσφαλίσασθαι.
1099 1353 1254 1394 τοῦτον
1286 1349 1362 1393 τὸν
1384 1350 1550 1406 τρόπον
1583 1348 1781 1407 ἁρμοσά-

115 1434 246 1474 μενος
275 1420 347 1462 καὶ
370 1418 481 1473 μετὰ
513 1421 698 1474 στίφους
721 1417 1004 1474 ἀποχρῶντος
1037 1415 1156 1474 αῧτῷ
1187 1417 1301 1473 πρὸς
1330 1417 1408 1476 τὴν
1433 1415 1550 1470 ὁδόν,
1583 1415 1643 1468 οἷς
1671 1418 1782 1475 μήτε

118 1487 338 1544 ἐπίφοβος
365 1483 554 1541 Ὑρκανῷ
595 1485 738 1536 δόξειε
776 1485 886 1540 μετὰ
926 1486 1125 1540 μείζονος
1163 1486 1521 1541 παραγενόμενος
1558 1485 1781 1542 τάγματος

117 1554 226 1613 μήτε
254 1553 415 1610 γυμνὸς
445 1556 518 1597 καὶ
550 1549 821 1611 ἀφύλακτος,
859 1550 929 1610 ’ᾔει
960 1553 1074 1609 πρὸς
1104 1552 1182 1611 τὴν
1214 1553 1349 1611 δίκην.
1410 1554 1599 1604 Σέξστος
1628 1556 1781 1608 μέντοι
1814 1558 1892 1597 170

50 1630 85 1662 20
115 1620 137 1667 ὁ
179 1624 257 1680 τῆς
287 1625 449 1676 Συρίας
488 1618 660 1679 ἡγεμών
699 1620 861 1703 γράφει
901 1621 1172 1678 παρακαλῶν
1198 1618 1402 1676 Ὑρκανὸν
1440 1617 1665 1665 ἀπολῦσαι
1702 1621 1780 1664 τὸν

110 1687 309 1748 (Ηρώδην
341 1689 385 1732 ἐκ
414 1691 491 1747 τῆς
521 1689 644 1768 δίκης
674 1690 749 1731 καὶ
779 1689 1101 1744 προσαπειλῶν
1141 1689 1489 1744 παρακούσαντι.
1558 1692 1621 1731 τιῦ
1653 1684 1693 1732 δ
1729 1679 1780 1745 ἦν

117 1753 294 1815 ἆφορμὴ
326 1755 377 1800 ‘co‘
409 1755 535 1811 παρὰ
566 1758 643 1799 τοῦ
674 1756 863 1807 Σέξστου
893 1756 1073 1812 γράμμα
1104 1755 1217 1811 πρὸς
1248 1756 1296 1800 τὸ
1329 1757 1464 1815 μηδὲν
1496 1756 1541 1799 ἐκ
1570 1759 1647 1800 τοῦ
1679 1771 1780 1799 συν-

116 1825 263 1879 εδρίου
310 1823 527 1868 παθόντα
572 1819 797 1867 ἀπολῦσαι
843 1822 920 1866 τὸν
961 1821 1180 1881 “Ηρώδην·
1228 1820 1380 1882 ἠγάπα
1417 1824 1499 1881 γὰρ
1549 1821 1680 1868 αυτὸν
1721 1821 1781 1875 (ὃς

114 1893 224 1937 υἱόν.
282 1891 506 1942 καταστὰς
538 1891 585 1934 δὲ
625 1908 670 1934 εν
699 1893 764 1947 τῶ
795 1892 1007 1948 συνεδρίω
1037 1891 1148 1947 μετὰ
1187 1894 1265 1935 τοῦ
1298 1907 1376 1935 συν
1407 1888 1526 1934 αυτιῦ
1556 1892 1778 1948 τάγματος
1812 1896 1887 1936 171

46 1967 84 2001 25
109 1957 306 2018 Ἡρώδης
346 1959 617 2017 κατέπληξεν
657 1958 860 2010 α’παντας
897 1962 970 2004 καὶ
1009 1969 1263 2017 κατηγορεῖν
1302 1959 1487 2016 ἐθάρρει
1526 1959 1575 2003 τὸ
1618 1958 1778 2002 λοιπὸν

227 2107 246 2149 ξ
275 2108 338 2141 166
363 2122 406 2134 =
431 2105 512 2141 bell.
538 2105 617 2140 Iud.
642 2105 659 2139 Ι
685 2108 761 2140 209.

224 2239 510 2276 PFLAMVWE
520 2240 590 2274 Lat
602 2239 763 2274 Zonaras
787 2239 804 2273 I
827 2250 862 2284 p.
886 2243 952 2275 405
976 2240 1054 2275 Exc
1079 2241 1234 2276 Peiresc.

228 2300 243 2331 1
272 2300 345 2338 σοι]
371 2309 442 2333 σου
464 2295 807 2331 FLAMVWEExc
921 2299 941 2330 2
965 2297 1055 2343 μηδὲ
1079 2317 1122 2322 -
1149 2294 1326 2342 οἰόμενος
1350 2307 1417 2332 om.
1444 2296 1555 2330 ELat
1662 2299 1776 2334 τοῦτο

113 2363 182 2388 om.
205 2352 246 2388 M
315 2355 336 2388 4
361 2352 565 2395 *πολλοὶ-ς]
591 2349 684 2408 zob-o
708 2351 895 2387 LAMVW
920 2363 1042 2388 omnes
1067 2353 1142 2399 (qui
1167 2364 1246 2388 cum
1271 2364 1312 2388 eo
1338 2356 1455 2393 erant)
1477 2353 1548 2387 Lat
1635 2347 1777 2401 *αἰ-τῷ]

112 2420 172 2456 fin.
188 2420 268 2457 Exc
356 2424 397 2455 10
422 2412 716 2467 *napaxaffvv
810 2423 847 2455 11
874 2418 916 2456 ἐν
940 2430 1008 2456 om.
1033 2420 1096 2455 PE
1193 2422 1233 2455 12
1256 2417 1444 2467 *ἡρώιδην
1466 2420 1500 2454 Α
1601 2424 1641 2456 14
1659 2415 1778 2458 αὐτὸν

111 2477 144 2512 Ε
211 2474 362 2524 ἰδιώτησ
378 2476 599 2512 FLAMVW
616 2474 766 2523 ἰδιώτην
788 2476 821 2511 Ε
891 2476 929 2512 δὲ
946 2476 1199 2518 FLAMVWE
1270 2477 1526 2521 *προσελθεῖν
1541 2476 1574 2512 V
1647 2480 1686 2512 15
1712 2474 1776 2520 ὡς]

115 2528 159 2570 ὃν
181 2533 402 2569 FLAMVW
499 2535 538 2568 16
565 2527 680 2581 αὐτῷ]
706 2543 774 2568 om.
800 2533 840 2567 M
865 2527 984 2569 αὖτὸσ
1009 2532 1041 2567 V
1128 2527 1426 2578 ἀσφαλίσασθαι.
1451 2535 1590 2569 τοῦτον
1613 2530 1683 2570 τὸν
1707 2544 1775 2570 om.

111 2587 404 2626 FLAMVWLat
497 2585 780 2635 ἁρμωσάμενοσ
803 2589 834 2623 L
944 2592 983 2622 17
1009 2585 1125 2632 *μετὰ
1150 2608 1194 2613 -
1220 2585 1323 2630 ὁδόν]
1348 2588 1498 2622 militum
1517 2599 1642 2635 parua
1666 2601 1776 2625 mauu

113 2644 356 2680 circumdatus
379 2645 478 2680 uiam
501 2645 646 2681 secabat
669 2645 740 2680 Lat
853 2640 1143 2691 *ἅποχρώντωσ
1166 2644 1259 2679 PFL
1353 2640 1480 2685 *ὁδόν]
1507 2642 1668 2681 σύνοδον
1690 2645 1731 2681 Μ

117 2702 156 2735 18
181 2699 491 2749 παραγινόμενοσ
514 2700 700 2736 FLAMW
796 2704 836 2735 19
860 2695 1113 2746 *ἄφυλάκτωσ
1136 2700 1169 2736 V
1244 2697 1313 2746 ᾔει]
1338 2700 1420 2735 coni
1444 2697 1500 2746 εἴη
1523 2700 1775 2737 PFLAMWE

111 2751 150 2801 ‘ln
172 2755 204 2791 V
229 2753 265 2802 ἴῃ
288 2758 343 2793 ed.
367 2768 422 2802 pr.
449 2762 539 2794 esset
562 2758 634 2792 Lat
738 2757 901 2793 σε’κστοσ
925 2756 1069 2791 FLAW
1094 2756 1228 2799 σὲξτοσ
1251 2757 1318 2791 VE
1419 2759 1460 2791 21
1487 2753 1674 2803 *ἡρώιδην
1697 2758 1731 2791 Α

114 2809 183 2847 *ἐκ
206 2815 275 2858 τῆσ
298 2814 412 2859 δίκησΙ
432 2815 549 2859 suppl.
567 2814 625 2858 Μς
652 2814 734 2848 uide
757 2813 803 2848 ad
828 2816 869 2847 23
962 2813 1057 2861 *τῴ]
1083 2810 1127 2849 τό
1153 2813 1183 2847 F
1276 2813 1314 2849 δὲ
1337 2813 1369 2847 Ε
1462 2814 1504 2846 22
1529 2810 1616 2854 *τὸ]
1641 2815 1704 2850 καὶ
1727 2810 1774 2851 τὰ

114 2865 259 2902 FLVW
283 2871 346 2905 καὶ
368 2869 442 2904 ΑΜ
533 2870 694 2906 σέκστου
718 2869 746 2903 F
749 2869 862 2903 LAW
887 2868 1018 2911 σε’ξτου
1041 2869 1106 2905 VE
1209 2866 1442 2916 *γράμματα
1465 2868 1686 2905 FLAMVW

115 2919 202 2964 *τὸ]
227 2925 282 2959 τῶ
304 2924 344 2958 Μ
459 2928 500 2959 23
525 2922 714 2972 *ὴρώιδην
737 2926 770 2959 Α
793 2925 868 2960 fere
893 2935 1032 2969 semper
1147 2919 1304 2971 *ἠγάπα
1330 2945 1373 2950 -
1398 2928 1440 2959 24
1457 2920 1540 2962 υἱόν
1564 2936 1598 2960 u.
1626 2927 1664 2960 21
1692 2930 1775 2971 post

115 2979 216 3024 δίκης
238 2982 282 3013 tr.
305 2979 345 3014 M
437 2983 478 3015 25
503 2981 734 3028 *κατέπληξε
760 2978 910 3018 πάντασ
934 2973 1078 3015 FLAW
