2029 3392
51 953 88 986 10

53 1293 90 1326 15

476 221 635 266 ANTIQ.
661 220 755 256 IUD.
783 219 869 254 XIII
895 221 960 253 376
1009 221 1073 253 350
1098 222 1181 259 (xm.
1199 224 1226 254 5,
1247 221 1313 248 xlv.
1334 223 1358 250 1.
1376 223 1406 258 ρ)
1694 215 1771 252 -221

114 339 193 380 τοῦ
224 341 268 380 τί
297 336 545 391 βούλονται,
578 333 741 383 πάντες
770 336 981 388 γενέσθαι
1014 330 1202 388 ἐβόησαν
1235 329 1486 373 ἀποθανεῖν
1519 324 1663 378 αὐτόν,
1705 331 1773 371 καὶ

115 404 231 460 πρὸς
260 404 516 462 Δημήτριον
554 401 630 445 τὸν
660 398 863 452 Ἄκαιρον
903 399 1113 454 ἔπεμψαν
1156 399 1512 454 παρακαλοῦντες
1553 395 1627 438 ἐπὶ
1670 409 1779 448 σιμ·

115 477 291 528 μαχίαν.

229 541 343 583 XIV.
378 543 413 581 1.
441 535 488 580 ‘O
509 537 556 579 δὲ
581 534 690 590 μετὰ
723 536 933 589 στρατιᾶς
964 532 1110 576 ἐλθών
1140 537 1213 577 καὶ
1245 531 1517 588 παραλαβών
1547 530 1649 580 τοὺς
1680 529 1779 573 ἐπι-

116 609 434 661 καλεσαμένους
465 605 569 659 περὶ
597 606 759 657 Σίκιμα
791 601 924 644 πόλιν
956 600 1368 656 ἕστρατοπέδει.·σεν.
1418 598 1703 654 Ἀλέξανδρος
1735 598 1779 640 δὲ

116 674 226 730 μετὰ
265 672 563 730 μισθοφόρων
602 670 905 724 ἑξακισχιλίων
942 671 1014 712 καὶ
1054 670 1293 713 διακοσίων
1329 665 1551 712 Ἰουδαίων
1592 682 1639 708 τε
1678 667 1779 720 περὶ

118 742 372 797 δισμυρίους
413 742 454 782 οἰ“
493 738 707 796 ἐφρόνουν
746 737 800 781 τὰ
840 737 1002 780 ἐκείνου
1043 736 1317 791 παραλαβών
1350 732 1560 792 ἀντεπῄει
1595 736 1658 790 τῷ
1689 737 1783 791 Δη-

116 813 307 867 μητρίῳ·
346 807 487 864 τούτῳ
525 803 566 850 δ’
602 798 713 865 ἦσαν
746 806 903 856 ἱππεῖς
931 805 1011 860 μὲν
1041 805 1290 860 τρισχίλιοι,
1324 804 1466 855 πεζῶν
1498 803 1542 845 δὲ
1575 805 1784 856 τέσσαρες

116 876 339 932 μυριάδες.
399 873 545 918 πολλὰ
585 875 665 929 μὲν
697 864 772 917 οὖν
803 873 1024 929 ἑκατέροις
1055 871 1273 929 ἐπράχθη,
1309 873 1386 914 τοῦ
1417 871 1496 925 μὲν
1528 866 1784 925 ἀποστῆσαι

115 943 220 995 τούς
250 943 563 1000 μισθοφόρους
594 939 652 992 ὦς
684 938 814 992 ὄντας
835 937 1048 998 (Έλληνας
1080 942 1370 995 πειρωμένου,
1401 941 1480 981 τοῦ
1512 938 1557 981 δὲ
1582 937 1685 988 τοὺς
1707 936 1785 980 σὺν

117 1015 359 1069 Δημητρίῳ
389 1008 637 1061 Ἰουδαίους.
698 1009 937 1067 μηδετέρου
977 1009 1024 1052 δὲ
1063 1017 1220 1051 πεῖσαι
1258 1007 1545 1064 δυνηθέντος,
1587 1000 1686 1047 ἀλλ’
1724 1004 1786 1055 εἰς

117 1078 257 1136 μάχην
280 1078 607 1134 συμβαλόντων,
630 1080 727 1135 νικᾷ
747 1077 1014 1135 Δημήτριος,
1041 1077 1113 1119 καὶ
1137 1072 1478 1133 ἀποθνήσκουσι
1497 1073 1576 1128 μὲν
1599 1073 1641 1116 οἱ
1663 1068 1786 1115 Ἀλε-

119 1145 305 1202 ξάνδρου
344 1146 626 1204 μισθοφόροι
664 1145 828 1196 πάντες
866 1149 1062 1195 πίστεως
1101 1139 1192 1198 ἅμα
1230 1145 1302 1186 καὶ
1336 1139 1540 1196 ἀνδρείας
1571 1140 1787 1192 ἐπίδειξιν

120 1215 431 1273 ποιησάμενοι,
464 1215 623 1257 πολλοὶ
658 1213 704 1256 δὲ
734 1215 807 1256 καὶ
837 1215 925 1256 τιῦν
955 1216 1213 1270 Δημητρίου
1246 1212 1540 1266 στρατιωτῶν.

233 1286 272 1326 2.
307 1282 553 1338 Φεύγοντος
585 1277 625 1324 δ’
652 1277 939 1334 Ἀλεξάνδρου
971 1280 1035 1331 εἰς
1064 1278 1118 1322 τὰ
1141 1276 1219 1337 ὅρη
1242 1278 1351 1322 κατὰ
1375 1276 1520 1321 οἶκτον
1549 1279 1626 1335 τῆς
1652 1293 1786 1331 μετα-

121 1351 256 1408 βολῆς
287 1351 569 1406 συλλέγονται
600 1345 710 1404 παρ)
738 1344 871 1392 αὐτὸν
897 1344 1119 1391 Ἰουδαίων
1140 1347 1440 1400 ἑξακισχίλιοι.
1491 1347 1563 1388 καὶ
1588 1344 1689 1388 τότε
1709 1345 1788 1399 μὲν

124 1418 275 1468 δείσας
306 1415 528 1473 ὑποχωρεῖ
547 1416 815 1474 Δημήτριος.
865 1414 976 1470 μετὰ
1007 1417 1145 1458 ταῦτα
1168 1415 1214 1457 δὲ
1237 1415 1279 1457 οἱ
1307 1410 1513 1457 Ἰουδαῖοι
1544 1412 1789 1468 ἐπολέμουν

124 1481 397 1541 Ἀλεξάνδρῳ
445 1487 517 1528 καὶ
564 1484 795 1539 νικώμενοι
841 1484 1001 1526 πολλοὶ
1049 1478 1335 1539 ἀπέθνησκον
1382 1480 1426 1525 ἐν
1471 1490 1570 1530 ταῖς
1612 1479 1789 1535 μάχαις.

123 1554 413 1603 κατακλείσας
444 1553 491 1595 δὲ
520 1551 622 1603 τοὺς
654 1551 984 1602 δυνατωτάτους
1006 1546 1149 1594 αὖτιιῗν
1171 1549 1215 1592 ἐν
1237 1553 1499 1604 Βαιθομμει
1529 1548 1661 1592 πόλει
1683 1547 1790 1590 ἔπο-

124 1620 302 1676 λιόρκει,
335 1619 482 1675 λαβὼν
519 1620 567 1662 δὲ
605 1618 684 1676 τὴν
722 1619 857 1662 πόλιν
893 1621 967 1663 καὶ
1006 1618 1239 1675 γενόμενος
1271 1616 1478 1674 ἐγκρατὴς
1510 1612 1652 1659 αὐτῶν
1685 1611 1790 1674 ἆνή-

123 1705 253 1745 γαγεν
285 1687 347 1738 εἰς
373 1685 654 1743 Ἱεροσόλυμα
684 1689 756 1731 καὶ
787 1686 967 1729 πάντων
999 1682 1230 1741 ὠμότατον
1253 1685 1377 1741 ἔργον
1398 1684 1601 1740 ἔδρασεν·
1635 1683 1791 1726 ἑστιώ-

237 1803 257 1844 §
284 1803 349 1835 376
374 1816 417 1828 =
441 1800 523 1835 bell.
548 1799 627 1834 Iud.
653 1800 669 1833 Ι
693 1801 749 1834 92.

238 1889 602 1925 PFLAMVWELat
613 1889 772 1925 Zonaras
796 1889 814 1923 I
837 1899 873 1933 p.
901 1891 978 1924 394.

242 1950 256 1982 1
285 1947 323 1983 τί
340 1967 381 1971 -
398 1943 578 1993 ἐβόησαν]
603 1946 692 1992 quid
708 1945 841 1982 uellent
853 1945 947 1990 fieri,
973 1955 1094 1980 omnes
1117 1943 1369 1979 clamaueruut
1384 1943 1456 1978 Lat
1525 1944 1560 1979 τί
1574 1939 1793 1989 βούλονται]

126 2002 172 2040 τὸ
200 1999 358 2049 ὀφεῖλον
389 2002 609 2038 FLAMVW
641 2004 676 2038 τί
708 2005 765 2039 δεῖ
791 2001 823 2036 Ε
971 2000 1150 2048 γενέσθαι
1183 1997 1328 2037 πάντεσ
1357 2002 1403 2035 tr.
1438 1999 1692 2034 FLAMVWE

126 2060 230 2101 *καὶ]
256 2063 351 2101 tunc,
374 2059 398 2094 i.
415 2069 525 2104 marg.
543 2057 684 2094 XXIII
707 2059 778 2094 Lat
892 2061 912 2093 2
935 2054 1032 2095 *τὸν
1056 2068 1123 2093 om.
1150 2057 1178 2091 P
1301 2053 1509 2103 *Ἄκαιρον1
1535 2066 1701 2090 eucerum
1726 2055 1796 2090 Lat

127 2112 306 2162 εὔκαιρον
329 2115 384 2151 ed.
409 2126 477 2160 pr„
502 2115 548 2150 cf.
574 2116 596 2159 ἓ
622 2118 686 2150 3ῖο
813 2113 886 2157 ἐπὶ]
913 2110 1032 2151 αὐτὸν
1055 2112 1116 2150 ἐπὶ
1140 2113 1246 2148 ΑΜΕ
1289 2156 1292 2159 Α
1370 2116 1392 2147 4
1414 2112 1438 2148 i.
1456 2122 1566 2156 marg.
1591 2105 1657 2158 κγ’
1674 2112 1704 2146 L

127 2168 244 2217 *μετὰ
271 2193 312 2197 -
339 2176 357 2207 5
383 2171 421 2208 δὲ
444 2172 552 2207 iterat
575 2172 623 2207 W
715 2172 911 2220 *στρατοῦ
933 2172 966 2207 V
1058 2168 1146 2213 τοὺς
1169 2168 1523 2213 ἐπικαλεσαμένους]
1550 2163 1692 2205 αὖτοὺσ
1716 2166 1796 2204 ἐπι-

129 2227 392 2273 καλουμένουσ
409 2228 441 2263 Ε
524 2233 543 2264 5
559 2228 749 2263 *sicimam
766 2228 838 2262 Lat
920 2227 1292 2275 *ἐστρατοπέδευσαν
1308 2226 1338 2260 L
1356 2224 1703 2271 ἐστρατοπέδευκεν
1718 2224 1752 2259 V

128 2283 225 2319 mille
249 2285 397 2329 equites,
423 2288 504 2320 octo
529 2285 624 2319 milia
647 2284 808 2329 peditum
831 2285 1176 2327 mercennariorum,
1210 2284 1331 2319 decem
1355 2282 1452 2317 milia
1475 2281 1690 2316 Iudaeorum
1715 2280 1797 2315 Ale-

128 2339 307 2375 xandrum
329 2340 500 2376 habuisse
523 2341 634 2376 tradit
657 2340 739 2376 bell.
764 2341 842 2376 Iud.
949 2343 969 2375 6
993 2344 1047 2383 τε]
1072 2340 1112 2378 δὲ
1134 2339 1323 2375 LAMWE
1417 2343 1433 2373 7
1461 2338 1662 2384 δισμυρίων
1685 2336 1751 2370 FE

129 2394 360 2445 *ἐφρόνουν,
385 2410 430 2445 ρο
455 2397 545 2433 6)ςό
571 2407 664 2432 corr.
689 2396 723 2430 A
814 2396 996 2434 *ἐκείνων
1019 2397 1050 2432 L
1143 2399 1162 2432 8
1188 2396 1227 2433 δὲ
1249 2396 1282 2431 Ε
1375 2394 1587 2441 *τέσσαρες
1611 2389 1798 2440 μυριάδες]

130 2451 310 2501 μυριάδεσ
335 2451 369 2490 δ’
395 2453 428 2489 V
451 2453 735 2498 quattuordecim
760 2453 856 2488 milia
879 2454 990 2489 tradit
1021 2453 1104 2489 bell.
1129 2453 1208 2488 Iud.
1350 2455 1389 2486 10
1415 2447 1504 2493 τοὺς
1527 2447 1606 2492 σὺν]
1637 2451 1707 2487 τοῦ
1731 2447 1799 2487 σὺν

129 2509 161 2546 F
257 2513 295 2546 11
322 2512 430 2547 πείσε
452 2509 500 2544 W
616 2511 658 2544 12
683 2507 1010 2557 *συμβαλλόντων
1033 2509 1074 2544 Μ
1137 2534 1142 2539 1
1189 2506 1264 2550 *02]
1291 2507 1327 2544 οὶ
1351 2506 1392 2550 ἐξ
1413 2507 1443 2541 F
1556 2510 1594 2542 13
1621 2507 1797 2549 πίστεως]

132 2563 304 2603 πίστεώσ
326 2579 368 2603 τε
392 2565 613 2602 FLAMVW
721 2561 879 2613 ἄνδρίασ
901 2565 935 2598 Α
959 2569 995 2600 et
1018 2576 1062 2601 ex
1087 2575 1180 2601 corr.
1204 2565 1234 2599 L
1346 2567 1387 2600 14
1411 2566 1500 2606 τῶν]
1526 2565 1604 2599 τῶν
1627 2565 1697 2599 τοῦ
1719 2562 1752 2598 Ε

134 2622 449 2670 *συστρατιωτῶν
472 2622 519 2657 W
636 2626 676 2658 15
701 2619 896 2668 φυγόντοσ
918 2620 1172 2656 FLAMVWE
1311 2620 1350 2657 δὲ
1372 2619 1562 2654 LAMWE
1682 2614 1800 2655 *κατ’

134 2677 356 2716 FLAMVW
451 2681 491 2714 16
516 2675 612 2726 παρ’
631 2676 757 2715 αὐτῶν
781 2678 810 2713 F
813 2678 893 2712 LW
917 2674 1022 2725 παρὰ
1047 2680 1124 2714 τῶν
1148 2677 1176 2712 Ρ
1201 2671 1298 2724 παρ’
1324 2671 1427 2712 αὐτῶ
1450 2676 1516 2711 VE
1610 2674 1802 2712 *ἰουδαῖοι

136 2733 202 2770 FV
304 2735 606 2783 *ἑξακισχιλίουσ
629 2736 660 2770 L
779 2738 818 2769 17
845 2730 1059 2781 *ὑπεχώρει
1082 2733 1148 2768 FV
1171 2729 1346 2779 ὑποχειρὶ
1369 2732 1400 2766 L
1516 2732 1661 2768 *ταῦτα
1687 2731 1736 2775 δὲ]
1763 2731 1802 2768 δὲ

138 2793 257 2827 ταῦτα
280 2791 467 2827 LAMVW
491 2794 610 2828 ταῦτα
635 2791 665 2826 F
735 2790 772 2827 οὶ
795 2801 863 2826 om.
889 2790 1018 2827 FLVE
1115 2792 1155 2825 19
1180 2786 1445 2825 *κατακλύσασ
1468 2787 1498 2822 F
1575 2784 1801 2833 Βαιθομμει]

138 2844 310 2894 βαιθόμη
332 2847 362 2882 F
387 2850 575 2895 βεθωμᾱσ
599 2847 629 2882 L
660 2845 840 2894 βεθόμασ
862 2847 937 2881 ΑΜ
965 2843 1117 2894 βεθόμη
1140 2845 1174 2880 V
1196 2847 1376 2892 βεθομᾶσ
1401 2845 1448 2879 W
1471 2841 1665 2891 βεθόμαισ
1688 2844 1721 2879 Ε
1746 2845 1805 2880 he-

140 2901 270 2937 tkomis
292 2902 364 2938 Fat
385 2906 595 2950 Βεμεσελην
618 2904 700 2940 bell.
717 2903 795 2939 Iud.
812 2904 834 2948 ξ
852 2906 893 2939 96
972 2905 1014 2937 20
1041 2898 1236 2949 ἀπήγαγεν
1258 2900 1512 2937 FLAMVWE
1585 2904 1624 2935 21
1651 2897 1805 2949 *ἔργων

142 2981 166 3015 i.
183 2990 293 3025 marg.
321 2994 341 3017 ο
366 2981 400 3014 A
423 2962 539 3029 ἔργίδῖ
561 2983 600 3017 Μ

1813 535 1890 573 377

1817 872 1895 913 378

1820 1282 1899 1321 379

1823 1553 1902 1594 380
