2107 3377
246 179 327 218 206
692 179 854 224 ANTIQ.
879 179 976 215 IUD.
1000 179 1090 215 x111
1114 183 1293 218 294—299
1318 185 1366 226 (x.
1384 187 1412 214 e.
1427 184 1459 226 η

243 295 321 353 τῆς
353 293 494 351 δίκης,
534 296 713 352 πληγῶν
743 292 917 350 ἔφασαν
954 293 1028 336 καὶ
1059 293 1252 349 δεσμῶν·
1295 290 1344 338 οὗ
1382 293 1465 352 γὰρ
1505 294 1647 338 ἐδόκει
1685 295 1912 352 λοιδορίας

246 361 369 405 ἕνεκα
406 361 594 418 θανάτῳ
635 361 835 418 ζημιοῦν,
883 357 1027 412 ἄλλ’ως
1063 378 1112 405 τε
1150 364 1225 406 καὶ
1264 358 1397 420 φύσει
1435 361 1551 419 πρὸς
1587 360 1668 412 τὰς
1706 362 1910 415 κολάσεις

132 433 214 474 295
246 428 454 480 ἐπιεικῶς
491 428 664 483 ἔχουσιν
695 429 738 471 οἱ
772 433 1029 483 Φαρισαῖοι.
1088 429 1205 486 πρὸς
1241 432 1371 473 τοῦτο
1412 431 1510 474 λίαν
1542 428 1805 487 ἐχαλέπηνεν
1834 432 1909 474 καὶ

246 497 400 540 δοκοῦν
441 497 622 547 ἐκείνοις
660 495 948 554 ποιήσασθαι
985 494 1066 547 τὰς
1101 499 1391 556 βλασφημίας
1426 496 1504 540 τὸν
1537 494 1783 551 ἄνθρωπον
1813 497 1910 542 ἐνό-

246 580 388 619 μισεν.
447 564 644 619 μάλιστα
676 559 718 606 δ’
746 559 878 606 αὐτὸν
910 562 1246 620 ἐπιπαρώξυνεν
1260 561 1476 623 Ἰωνάθης
1505 566 1579 608 καὶ
1601 564 1805 622 διέθηκεν
1836 560 1913 608 οῧ-
1939 578 1960 610 5

130 634 213 677 296
242 648 344 687 τως,
375 626 489 674 ὥστε
517 633 571 689 τῇ
592 631 904 674 Σαδδουκαίων
935 630 1144 689 ἐποίησεν
1175 635 1471 690 προσθέσθαι
1499 636 1636 690 μοίρᾳ
1656 635 1744 675 τῶν
1768 637 1912 689 Φαρι-

245 704 385 743 σαίων
416 695 677 742 ἀποστάντα
713 701 789 742 καὶ
825 698 880 742 τά
916 715 965 742 τε
993 696 1075 742 ὕπ’
1109 695 1252 743 αὐτῶν
1281 703 1621 744 κατασταθέντα
1651 700 1820 755 νόμιμα
1847 702 1912 757 τῷ

243 767 367 825 δήμῳ
406 768 652 810 καταλῦσαι
690 768 764 809 καὶ
802 765 906 818 τοὺς
936 766 1241 824 φυλάττοντας
1273 764 1384 811 αὐτὰ
1414 768 1615 811 κολάσαι.
1675 777 1806 823 μῖσος
1835 758 1911 811 οῦν

129 841 210 882 297
244 834 450 879 ἐντεῦθεν
483 830 603 891 αὐτῷ
631 851 681 877 τε
710 836 784 878 καὶ
814 844 908 886 τοῖς
938 835 1052 886 υἱοῖς
1082 835 1206 890 παρὰ
1227 838 1306 879 τοῦ
1326 836 1534 894 πλήθους
1563 835 1747 892 ἐγένετο.
1806 836 1911 892 περὶ

240 905 393 956 μέντοι
422 903 590 946 τούτων
622 893 758 953 αὖθις
790 902 984 959 ἐροῦμεν.
1044 905 1118 946 νῦν
1150 903 1196 946 δὲ
1228 904 1426 960 δηλῶσαι
1454 903 1693 958 βούλομαι,
1735 898 1806 947 ὅτι
1836 902 1910 946 νό-
1938 917 1978 950 10

239 969 355 1025 μιμά
384 987 485 1013 τινα
516 970 772 1026 παρέδοσαν
802 973 867 1027 τῷ
899 971 1023 1029 δήμῳ
1055 972 1098 1014 οἱ
1122 976 1368 1028 Φαρισαῖοι
1399 971 1444 1014 ἐκ
1465 974 1670 1027 πατέρων
1692 971 1910 1030 διαδοχῆς,

241 1033 357 1096 ἅπερ
389 1033 466 1081 οῦκ
496 1034 826 1095 ἀναγέγραπται
865 1037 909 1081 ἓν
947 1047 1042 1089 τοῖς
1073 1041 1308 1089 Μωυσέως
1347 1038 1520 1094 νόμοις,
1560 1041 1633 1082 καὶ
1671 1038 1747 1082 διὰ
1779 1041 1910 1083 τοῦτο

240 1108 379 1149 ταῦτα
409 1105 456 1149 τί
492 1105 806 1148 Σαδδουκαίων
837 1109 961 1161 γένος
991 1105 1214 1161 ἐκβάλλει,
1252 1108 1376 1163 λέγον
1407 1106 1549 1149 ἐκεῖνα
1581 1106 1672 1149 δεῖν
1701 1103 1912 1164 ἡγεῖσθαι

241 1172 407 1227 νόμιμα
446 1171 502 1215 τὰ
543 1176 841 1229 γεγραμμένα,
888 1172 943 1215 τὰ
983 1169 1024 1216 δ’
1059 1173 1105 1216 ἐκ
1142 1173 1437 1228 παραδόσεως
1474 1175 1564 1216 τῶν
1603 1177 1810 1230 πατέρων
1848 1173 1908 1233 μὴ

126 1248 206 1289 298
239 1249 396 1297 τηρεῖν.
457 1242 529 1283 καὶ
568 1242 672 1296 περὶ
712 1241 880 1284 τούτων
921 1240 1120 1299 ζητήσεις
1160 1237 1310 1292 αὐτοῖς
1347 1243 1421 1285 καὶ
1452 1240 1674 1298 διαφορὰς
1703 1245 1913 1298 γίνεσθαι
1941 1255 1980 1289 15

240 1310 493 1362 συνέβαινεν
529 1307 742 1364 μεγάλας,
783 1310 870 1351 τῶν
909 1308 988 1362 μὲν
1027 1309 1340 1352 Σαδδουκαίων
1379 1307 1482 1360 τοῦς
1521 1305 1739 1365 εὐπόρους
1775 1309 1911 1364 μόνον

240 1374 497 1419 πειθόντων
527 1374 576 1418 τὸ
610 1375 657 1418 δὲ
689 1375 925 1433 δημοτικὸν
958 1371 1033 1430 οῦχ
1065 1376 1283 1433 ἑπόμενον
1323 1372 1474 1428 αὐτοῖς
1504 1375 1704 1431 ἐχόντων,
1744 1379 1832 1421 τῶν
1863 1377 1911 1421 δὲ

242 1447 505 1499 Φαρισαίων
535 1443 584 1486 τὸ
618 1445 798 1503 πλῆθος
829 1443 1055 1499 σύμμαχον
1087 1444 1286 1499 ἐχόντων.
1350 1440 1462 1488 ἀλλὰ
1498 1446 1605 1501 περὶ
1633 1445 1714 1500 μὲν
1743 1444 1912 1489 τούτων

238 1513 326 1554 τιῦν
359 1507 435 1554 δύο
466 1513 539 1554 καὶ
569 1514 658 1555 τῶν
682 1507 902 1570 Ἐσσηνῶν
934 1511 977 1555 ἓν
1007 1515 1062 1570 τῇ
1093 1513 1276 1570 δευτέρᾳ
1305 1530 1391 1567 μου
1411 1514 1500 1555 τιῦν
1515 1507 1766 1556 Ἰουδαϊκῶν
1788 1509 1911 1568 ἄκρι-

235 1582 326 1635 βιῦς
358 1579 616 1637 δεδήλωται.
1940 1595 1978 1628 20

126 1658 207 1699 299
353 1652 392 1690 7.
420 1645 625 1704 Ὑρκανὸς
646 1647 693 1690 δὲ
715 1647 893 1698 παύσας
912 1647 991 1706 τὴν
1012 1647 1169 1691 στάσιν
1190 1648 1262 1690 καὶ
1284 1643 1379 1702 μετ’
1407 1643 1542 1706 αὐτὴν
1561 1647 1731 1703 βιώσας
1762 1643 1910 1692 εὐδαι-

236 1716 383 1770 μόνως
412 1717 487 1759 καὶ
517 1715 595 1774 τὴν
628 1711 761 1774 ἀρχὴν
793 1714 1131 1772 διοικησάμενος
1163 1712 1343 1771 ἄριστον
1373 1714 1543 1771 τρόπον
1575 1715 1716 1759 ἔτεσιν
1747 1715 1812 1759 ἑνὶ
1834 1717 1908 1760 καὶ

237 1782 472 1839 τριάκοντα
509 1785 691 1840 τελευτᾷ
728 1782 987 1826 καταλιπών
1027 1782 1148 1833 υἱοὺς
1187 1786 1340 1834 πέντε,
1386 1785 1520 1837 τριῶν
1564 1785 1652 1826 τῶν
1690 1787 1908 1840 μεγίστων

351 1886 371 1926 ς
398 1886 463 1918 299
489 1901 532 1913 =
557 1883 639 1920 bell.
664 1884 742 1919 Iud.
769 1883 786 1918 1
811 1886 866 1918 68.

351 1973 638 2009 PFLAMVWE
648 1973 888 2009 LatZonaras
912 1973 930 2007 I
953 1984 988 2017 p.
1016 1976 1091 2009 391.

351 2033 370 2065 2
397 2029 595 2066 *θάνατον
618 2030 679 2064 PF
771 2030 935 2075 *φύσεισ
960 2029 986 2063 Ρ
1081 2034 1100 2064 3
1126 2031 1375 2076 *φαρισσαῖοι
1401 2028 1430 2062 F
1501 2027 1724 2075 ἐχαλέπαινε
1749 2032 1841 2072 (-νεν
1865 2030 1908 2073 L)

235 2087 423 2121 LAMWE
517 2091 537 2122 4
563 2090 712 2129 δοκοῦν]
739 2082 842 2131 πρὸσ
867 2082 912 2122 τὸ
938 2088 1076 2122 δοκοῦν
1100 2086 1289 2121 LAMWE
1382 2086 1687 2132 *βλασὶσφημίασ
1710 2086 1740 2120 L
1824 2090 1843 2120 5
1869 2086 1908 2124 δὲ

235 2143 490 2178 FLAMVWE
583 2139 737 2180 *αὐτῶν
761 2143 808 2177 W
899 2141 1012 2179 *ἐπεὶ
1037 2140 1256 2190 παρώξυνεν
1280 2142 1326 2176 W
1402 2139 1567 2188 ἰωάννησ
1590 2142 1748 2177 AMWE
1817 2143 1908 2180 *καὶ

235 2200 404 2246 διέθηκεν
429 2210 496 2235 om.
523 2199 554 2234 L
626 2202 645 2234 6
670 2203 729 2246 τῇ]
754 2203 798 2244 τῆ
822 2203 899 2236 τῶν
924 2199 1079 2234 AMWE
1161 2200 1400 2235 σαδουκαίων
1425 2199 1454 2233 F
1535 2197 1725 2245 ἐποίησεν]
1751 2201 1906 2246 ποιῆσαι

234 2256 311 2299 FV,
336 2266 405 2291 om.
430 2256 462 2290 E
548 2256 795 2304 *προθέσθαι
820 2256 850 2291 F
937 2257 1207 2303 *φαρισσαίων
1230 2255 1260 2289 F
1345 2259 1361 2288 7
1387 2253 1670 2292 *ἀποστάντων
1694 2256 1741 2290 W
1812 2251 1908 2293 *ὑπ’

237 2308 353 2349 αὐτὸν
376 2312 407 2346 L
501 2315 521 2348 8
547 2310 817 2357 φυλάσσοντασ
841 2313 873 2347 Ε
976 2309 1113 2354 *αὐτ-ὰ]
1140 2308 1281 2349 αὖτοὺσ
1306 2312 1335 2345 F
1428 2316 1447 2345 ¹.)
1472 2310 1636 2358 ἐγένετο]
1661 2312 1694 2347 Ε
1719 2312 1906 2359 διεγένετο

236 2369 330 2405 PFV
354 2365 413 2405 ἀεὶ
436 2367 583 2415 ἐγίνετο
609 2369 764 2404 LAMW
789 2369 1007 2404 concitatum
1034 2374 1085 2404 esc
1110 2369 1181 2403 Lat
1261 2372 1295 2402 11
1326 2365 1450 2409 *wid
1477 2365 1599 2405 πολλὰ
1625 2366 1708 2406 τινὰ
1734 2369 1788 2405 ed.
1806 2380 1859 2415 pr.

235 2428 485 2472 *φαρισσαῖοι
509 2425 540 2460 F
638 2429 676 2460 12
702 2425 743 2462 ἐν
768 2436 836 2461 om.
861 2425 1018 2460 AMWE
1115 2425 1278 2470 μωσέωσ
1302 2424 1430 2459 PFLV
1452 2424 1629 2469 μωϊ-σέοσ
1653 2426 1685 2460 Ε
1782 2429 1821 2460 13
1847 2422 1906 2469 τὸ]

236 2479 278 2519 τὸ
306 2485 383 2519 τῶν
406 2482 597 2517 LAMWE
711 2482 861 2528 *λέγων
884 2482 965 2517 L¹V
1087 2483 1193 2519 *δεῖν
1215 2478 1401 2528 ἡγεῖσθαι]
1427 2483 1633 2528 διηγεῖσθαι
1659 2481 1689 2516 F
1809 2485 1849 2517 14
1873 2482 1913 2519 δὲ

233 2539 390 2574 AMWE
460 2536 754 2586 *παραδώσεωσ
777 2538 807 2573 L
883 2542 922 2573 16
948 2539 1014 2574 litt.
1041 2540 1118 2575 τῶν
1141 2538 1210 2583 μὲν
1235 2539 1322 2583 σαδ1
1348 2538 1370 2572 i.
1398 2548 1468 2573 ras.
1495 2538 1702 2581 augustiore
1725 2548 1769 2572 m.
1789 2540 1808 2572 2
1826 2538 1860 2572 A

236 2598 312 2631 τῶν
336 2596 405 2640 μὲν
428 2605 496 2630 om.
518 2595 598 2630 WE
622 2599 658 2631 et
674 2598 715 2630 ut
730 2595 801 2630 uid.
822 2597 870 2630 A¹
960 2595 1030 2640 μὲν
1053 2605 1121 2629 om.
1148 2595 1176 2630 P
1200 2599 1237 2630 et
1261 2596 1300 2629 ut
1324 2594 1394 2629 uid.
1414 2594 1484 2628 Lat
1576 2591 1695 2636 *τοὶ-ς
1719 2605 1786 2629 om.
1814 2594 1859 2629 W

242 2679 275 2709 Π
303 2671 402 2711 *οῖ’-κ
419 2674 478 2709 PF
555 2678 593 2710 18
619 2677 860 2721 φαρισσαίων
876 2675 906 2710 F
980 2678 1020 2710 19
1045 2652 1191 2722 ggqmfiv
1214 2674 1261 2709 W
1331 2673 1484 2723 δευτέρᾳ
1508 2676 1595 2716 μου]
1620 2672 1778 2708 secundo
1804 2673 1906 2708 uolu-

235 2733 326 2766 mine
350 2732 420 2766 Lat
443 2731 597 2776 δευτέρα
621 2745 695 2777 μου
717 2731 842 2779 βίβλω
866 2731 896 2766 L
975 2732 1067 2776 *μοι
1090 2731 1234 2767 Bekker
1311 2733 1352 2764 20
1378 2730 1620 2776 *δεδήλωται]
1647 2726 1906 2775 δεδηλώκαμεν

235 2787 330 2823 FLV
347 2787 607 2835 δεδηλώκαμεν
623 2790 746 2836 βίβλω
764 2789 792 2823 Ρ
817 2788 1051 2823 disseruimus
1067 2788 1138 2823 Lat
1207 2791 1244 2821 21
1273 2783 1367 2831 μετὰ
1386 2783 1523 2833 ταύτην
1546 2785 1651 2821 LAM
1675 2782 1770 2830 μετὰ
1790 2781 1906 2833 αὐτὴν

236 2844 265 2879 V
282 2841 376 2888 μετὰ
396 2847 513 2881 ταῦτα
532 2844 564 2879 Ε
636 2847 678 2879 22
695 2842 855 2892 ἄριστον
872 2842 1032 2892 τρόπον]
1050 2855 1118 2880 om.
1136 2844 1164 2878 P
1181 2840 1251 2880 τὸν
1267 2841 1425 2890 ἄριστον
1443 2840 1591 2889 τρόπον
1609 2842 1704 2877 FLV
1718 2841 1854 2888 ἄριστα
1871 2841 1904 2878 Ε

235 2902 366 2947 optime
380 2901 450 2936 Lat
512 2899 599 2942 *ἑνὶ]
618 2904 715 2947 τρισὶ
731 2901 813 2937 bell.
831 2902 906 2938 lud.
921 2903 942 2947 ξ
956 2904 1016 2944 68;
1037 2900 1082 2936 cf.
1097 2900 1166 2935 XX
1184 2903 1247 2935 240
1263 2904 1297 2935 et
1310 2899 1444 2935 Euseb.
1460 2899 1549 2934 dem.
1567 2898 1832 2942 euang.V1112‚
1847 2901 1904 2941 73,

235 2957 294 3002 qui
312 2956 478 3001 Hyrcano
493 2957 611 2992 XXIX
630 2967 744 2993 annos
762 2958 825 2993 dat
896 2961 936 2993 23
962 2953 1233 2994 *καταλειπὼν
1249 2956 1277 2991 P
1347 2957 1504 3001 ’τριώνΙ
1529 2957 1592 2991 καὶ
1619 2959 1733 3001 τριῶν
1750 2954 1903 2991 LAMW
