2107 3377
301 170 381 208 278
741 171 902 216 ANTIQ.
929 171 1025 207 IUD.
1050 171 1136 207 XIV
1160 174 1340 208 208—213
1364 174 1410 215 (Χ.
1428 178 1528 214 6—8)

301 280 571 339 ἀρχιερεῦσιν
601 286 675 328 καὶ
708 285 897 368 ζερεῦσιν
927 275 979 342 ἦν
1008 284 1064 327 τά
1094 302 1143 328 τε
1173 285 1482 369 φιλάνθρωπα
1521 280 1606 328 ὅσα
1643 302 1692 329 τε
1720 288 1799 329 τοῦ
1831 287 1970 344 δήμου

300 355 619 410 ψηφισαμένου
649 354 722 396 καὶ
753 355 831 411 τῆς
853 351 1125 410 συγκλήτου’
1113 353 1251 407 ἐσχον.
1298 352 1375 397 ἐπὶ
1396 352 1571 403 τούτοις
1591 369 1639 396 τε
1659 363 1755 405 τοῖς
1780 354 1970 406 δικαίοις

187 421 268 464 209
294 423 494 478 χρῆσθαι
534 416 685 471 αὐτοῖς
723 420 886 472 εξεῖναι
925 418 969 463 ἓν
1007 419 1221 472 Λύδδοις.
1281 421 1383 472 τούς
1421 437 1469 463 τε
1506 419 1674 472 τόπους
1712 423 1786 465 καὶ
1820 422 1969 477 χώραν

296 490 371 531 καὶ
403 487 602 541 ἐποίκια,
643 483 728 531 όσα
765 489 1000 542 βασιλεῦσι
1029 492 1192 543 Συρίας
1229 491 1302 532 καὶ
1336 492 1548 545 Φοινίκης
1585 488 1831 543 συμμάχοις
1870 488 1969 534 οὖσι

294 553 519 610 Ῥωμαίων
557 554 669 598 κατὰ
710 554 879 611 δωρεὰν
917 552 1086 614 υπῆρχε
1129 559 1442 611 καρποισθαι,
1489 558 1627 598 ταῦτα
1673 555 1902 611 δοκιμάζει
1943 554 1969 615 ἥ
1999 566 2018 598 5

186 623 268 664 210
300 622 537 681 σύγκλητος
563 621 768 679 Ὑρκανὸν
803 622 882 666 τὸν
922 622 1140 680 ἐθνάρχην
1179 627 1253 668 καὶ
1283 620 1523 674 Ἰουδαίους
1563 623 1689 678 ἔχειν.
1750 623 1970 668 δεδόσθαι

298 690 345 733 δὲ
372 688 562 747 Ὑρκανῷ
591 692 664 733 καὶ
698 692 832 734 παισὶ
862 700 957 741 τοῖς
989 687 1122 734 αὐτοῦ
1156 693 1230 735 καὶ
1272 695 1566 748 πρεσβευταῖς
1601 701 1696 742 τοῖς
1724 687 1806 734 ὑπ’
1833 687 1970 736 αὐτοῦ

296 761 580 815 πεμφθεῖσιν
610 758 655 802 ἕν
685 775 734 801 τε
763 761 914 816 πυγμῇ
943 755 1207 813 μονομάχιον
1228 762 1302 803 καὶ
1324 763 1498 817 θηρίων
1519 758 1838 814 καθεζομένοις
1856 758 1969 814 μετὰ

294 827 382 868 τιῦν
414 827 706 884 συγκλητικῶν
736 829 927 882 θεωρεῖν
960 843 982 867 21:
1015 827 1335 884 αἰτησαμένους
1364 827 1488 882 παρὰ
1518 823 1776 882 δικτάτορος
1795 819 1823 885 ἢ
1843 826 1970 884 παρὰ

298 893 526 949 ἱππάρχου
558 896 807 950 παρελθεῖι
839 911 903 945 εις
932 894 1011 951 τὴν
1043 894 1281 952 σύγκλητον
1312 894 1549 951 εἰσάγωσιν
1587 897 1661 938 καὶ
1692 912 1746 938 τα
1780 890 1970 951 ἆποκρί-
1999 904 2037 937 10

1743 955 1942 977 ))ἐ>ι

297 977 415 1003 ματα
448 958 598 1012 αυτοῖς
630 958 956 1005 ἀποδιδῶσιν
939 979 983 1005 εν
1014 960 1199 1019 ἡμέραις
1231 962 1334 1004 δέκα
1363 972 1463 1014 ταῖς
1485 960 1699 1017 άπάσαις,
1732 979 1798 1019 αφ
1840 977 1892 1018 ης
1914 980 1968 1005 αν

295 1028 344 1072 τὸ
379 1029 521 1085 δόγμα
551 1033 742 1088 γένηται.

183 1099 262 1139 211
411 1102 449 1140 7.
483 1098 618 1148 Γάιος
647 1103 825 1153 Καῖσαρ
858 1093 1138 1152 αὐτοκράτωρ
1171 1097 1387 1152 δικτάτωρ
1417 1097 1466 1141 τὸ
1497 1102 1707 1153 τέταρτον
1727 1092 1900 1148 ῧπατός
1919 1113 1968 1140 τε

294 1165 344 1208 τὸ
387 1169 594 1220 πέμπτον
634 1164 852 1218 δικτάτωρ
894 1160 1266 1220 ἀποδεδειγμένος
1297 1164 1372 1208 διὰ
1402 1169 1502 1220 βίου
1536 1165 1690 1221 λόγους
1720 1163 1966 1222 ἐποιήσατο

294 1234 399 1288 περὶ
440 1235 529 1276 τῶν
571 1233 753 1276 δικαίων
793 1234 883 1275 τῶν
910 1230 1114 1288 Ὑρκανοῦ
1151 1235 1230 1276 voi
1264 1228 1555 1288 Ἀλεξάνδρου
1595 1229 1830 1289 ἀρχιερέως
1862 1228 1969 1276 ’[ου-
1999 1243 2036 1277 15

182 1302 263 1341 212
295 1301 433 1345 δαίων
463 1302 537 1343 καὶ
569 1299 788 1357 ἐθνάρχου
828 1300 1078 1350 τοιούτους·
1120 1299 1238 1358 [τῶν]
1270 1300 1359 1356 πρὸ
1402 1300 1508 1356 ἐμοῦ
1547 1296 1884 1356 αὐτοκρατόρων
1922 1299 1967 1343 ἐν

292 1377 391 1419 ταῖς
422 1367 657 1423 ἐπαρχίαις
686 1368 1061 1425 μαρτυρησάντων
1077 1365 1269 1425 Ὑρκανῷ
1301 1365 1492 1424 ἀρχιερεῖ
1516 1365 1740 1412 Ἰουδαίων
1770 1370 1844 1412 καὶ
1859 1364 1966 1412 Ἰου-

295 1437 440 1488 δαίοις
471 1436 550 1480 έπί
579 1453 627 1479 τε
658 1436 898 1494 συγκλήτου
933 1439 1006 1480 καὶ
1048 1435 1186 1494 δήμου
1213 1434 1450 1490 Ῥωμαίων,
1493 1432 1889 1494 εὐχαριστήσαντος
1919 1435 1967 1479 δὲ

291 1507 365 1548 καὶ
387 1507 464 1548 τοῦ
486 1504 626 1563 δήμου
647 1508 720 1548 καὶ
739 1507 817 1560 τῆς
839 1504 1076 1561 συγκλήτου
1099 1500 1260 1556 αὐτοῖς,
1279 1505 1422 1555 καλῶς
1439 1504 1525 1557 ἔχει
1541 1506 1613 1547 καὶ
1630 1501 1747 1562 ἡμᾶς
1763 1499 1966 1562 ἀπομνη-

292 1572 494 1628 μονεύειν
525 1574 597 1615 καὶ
629 1581 848 1627 προνοεῖν,
882 1570 942 1622 ὠς
959 1569 1151 1628 Ὑρκανῷ
1181 1574 1254 1615 καὶ
1285 1574 1348 1628 τῷ
1379 1572 1503 1616 ἐ’θνει
1533 1575 1622 1614 τῶν
1637 1568 1862 1616 Ἰουδαίων
1892 1573 1967 1616 καὶ
1995 1583 2034 1615 21)

292 1650 387 1692 τοῖς
414 1638 620 1696 Ὑρκανοῦ
650 1642 810 1684 παισὶν
839 1638 926 1684 ὑπὸ
961 1640 1199 1717 συγκλήτου
1229 1642 1303 1684 καὶ
1335 1640 1473 1720 δήὲμου
1499 1637 1725 1694 Ῥωμαίων
1756 1636 1859 1691 ἆξία
1888 1641 1966 1698 τῆς
2019 1672 2023 1675 Α

293 1708 408 1764 πρὸς
424 1706 539 1765 ἡμᾶς
557 1705 729 1758 ευνοίας
747 1704 889 1751 αὗτιῐν
905 1726 977 1752 και
996 1705 1057 1751 ὦν
1074 1706 1119 1751 εί
1125 1711 1395 1766 εργέτησαν
1378 1705 1399 1750 1‘
1405 1710 1492 1762 Ιμᾶς
1509 1708 1637 1763 χάρις
1654 1703 1964 1764 ἀνταποδοθῇ.

181 1779 263 1820 213
407 1780 446 1821 8.
472 1772 653 1827 Ἰούλιος
676 1777 838 1853 Γάιος
842 1792 968 1820 υιοσο
1001 1775 1244 1834 στρατηγὸς
1275 1771 1445 1826 ύπατος
1471 1773 1700 1830 Ρωμαίων
1721 1777 1964 1829 Παριανῶν

405 1851 689 1902 PFLAMVLat

410 1929 419 1959 1
449 1927 512 1961 καὶ
538 1924 710 1971 ιερεῦσιν]
734 1926 798 1959 καὶ
822 1929 908 1960 τοῖσ
931 1922 1092 1968 ἱερεῦσιν
1115 1922 1200 1965 AM,
1226 1933 1294 1956 om.
1320 1922 1497 1958 FLVLat
1617 1919 1886 1969 φιλάνθρωπα]
1911 1923 1965 1957 in-

290 1982 494 2016 stitutiones
518 1981 589 2016 Lat
704 1993 745 2016 τε
772 1983 852 2021 τοῦ]
878 1983 946 2016 τοῦ
971 1993 1012 2016 τε
1038 1990 1091 2020 (τε
1118 1990 1145 2014 S.
1163 1979 1206 2017 F)
1231 1978 1478 2014 FLAMVLat
1587 1982 1606 2013 2
1629 1978 1750 2015 ἐπὶ-
1770 1982 1788 2013 3
1806 1976 1964 2022 Λύδδοις

292 2042 482 2082 corrupta3
507 2036 568 2073 ἐπὶ
586 2037 679 2072 delet
691 2037 846 2072 Viereck
863 2048 897 2081 p.
918 2040 978 2071 100
1065 2039 1117 2078 τε]
1143 2035 1182 2072 δὲ
1200 2035 1304 2070 FAM
1391 2040 1409 2069 :3
1434 2034 1476 2072 ἐν
1491 2056 1536 2061 -
1554 2039 1572 2070 5
1590 2038 1850 2080 καρποῦσθαι]
1875 2035 1964 2070 etin

293 2094 392 2140 lydia
418 2095 499 2129 toea
523 2094 585 2129 uel
608 2099 725 2128 terras
750 2104 839 2136 quas
861 2104 932 2138 pro
958 2092 1207 2138 hospitalitate
1231 2103 1336 2137 reyes
1359 2093 1480 2137 syriae
1498 2093 1558 2127 uel
1570 2093 1741 2137 foetu-'cae
1765 2103 1834 2138 per
1849 2091 1963 2127 dona-

292 2153 423 2187 tionem
447 2161 682 2186 romanorum
699 2149 946 2195 possederunt
969 2149 1041 2183 Lat
1178 2148 1333 2190 λύδὸοις,
1359 2151 1400 2184 ὁὸ
1422 2149 1444 2183 i.
1463 2159 1533 2184 ras.
1558 2149 1587 2183 P
1611 2153 1739 2186 λυδοῖσ
1762 2149 1874 2184 FLat

291 2206 392 2250 τοτ’-ς]
419 2205 487 2243 τοί·
511 2207 541 2241 F
568 2206 652 2249 τάσ,
678 2204 700 2243 α’
727 2217 770 2241 ex
796 2200 840 2242 ού
864 2216 955 2241 corr.
981 2205 1011 2240 L
1088 2203 1221 2251 χώρασ
1246 2204 1420 2239 FLAMV
1505 2202 1640 2251 χώρασ
1663 2208 1727 2242 καὶ
1752 2203 1901 2242 τόπουσ
1917 2209 1961 2241 tr.

291 2265 321 2299 L
392 2268 412 2298 4
437 2263 603 2301 ἐπιοίκια
623 2264 649 2298 Ρ
721 2266 740 2297 5
766 2260 947 2309 δοκιμάζῃ
964 2262 992 2297 P
1065 2266 1082 2295 ἵ
1109 2262 1158 2305 δὲ]
1186 2275 1225 2298 τε
1242 2261 1415 2296 FLAMV
1486 2265 1591 2298 παισὶ
1618 2269 1698 2305 τοῖς
1716 2258 1844 2304 αὐτοῦ]
1870 2265 1963 2299 πᾶσι

291 2328 378 2358 τοῖσ
403 2318 529 2358 αι’-τῶν
545 2321 574 2355 Ρ
645 2323 750 2356 παισὶ
770 2341 808 2344 d
830 2322 849 2354 8
868 2322 1108 2365 πεμφθεῖσιν]
1127 2318 1290 2353 omnibus
1307 2319 1351 2352 al>
1369 2329 1411 2353 L’o
1429 2319 1546 2353 missis
1570 2319 1640 2353 Lat
1710 2321 1730 2354 8
1753 2317 1963 2363 καθεζομέ-

292 2392 383 2415 vot-o
407 2378 579 2412 FLAMV
685 2380 704 2412 9
731 2376 1003 2423 αἰτησαμένους
1020 2397 1062 2400 -
1083 2378 1123 2410 12
1140 2375 1303 2422 γένηται]
1329 2381 1361 2409 et
1386 2375 1418 2409 si
1436 2375 1639 2421 pelium-int
1665 2376 1878 2411 dictatorcm
1904 2374 1963 2410 uel

291 2437 503 2481 mayistrnm
527 2434 687 2480 equitum
714 2439 750 2467 ut
775 2434 814 2467 in
837 2439 1001 2467 senatum
1026 2442 1087 2466 eos
1111 2431 1345 2466 introducant
1369 2437 1403 2466 et
1427 2442 1605 2477 responsa
1630 2433 1681 2467 eis
1699 2431 1847 2466 tradant
1864 2432 1962 2466 intra

291 2492 464 2527 decimum
482 2492 573 2526 diem
591 2491 659 2525 Ιιοι·
673 2491 740 2535 fiat
751 2494 839 2536 post
855 2494 1002 2523 senatus
1018 2489 1219 2523 consultum.
1233 2488 1304 2523 Lat
1375 2488 1627 2534 αἰτησαμένου
1645 2489 1672 2523 F
1691 2487 1961 2534 αἰτησαμένοισ

292 2549 322 2582 V
382 2546 664 2593 ὁικτιὶτωροσῩ
729 2550 768 2580 10
783 2546 846 2588 εἰς]
867 2538 1031 2581 ὅτανείσ
1045 2544 1217 2580 FLAMV
1284 2549 1316 2579 11
1341 2540 1573 2581 (ἶποδίδωσιι
1590 2546 1689 2580 codd
1708 2541 1960 2580 α’τιοδίδοσθαι

291 2627 441 2662 Hudson
510 2631 546 2661 13
563 2622 813 2672 αι”τοκράτωρ
826 2645 870 2651 -
884 2625 1081 2671 τέταρτον]
1097 2629 1227 2670 quater
1243 2624 1444 2670 imperator
1457 2624 1526 2658 Lat
1591 2623 1786 2669 τέταρτοι]
1801 2588 1962 2660 ιῖἐῗάζτέον

290 2685 320 2719 L
395 2688 434 2719 16
461 2686 537 2720 τιῦι
562 2694 629 2718 om.
657 2683 683 2717 P
774 2685 812 2717 15
838 2681 1033 2728 σιγκλήτω
1060 2681 1085 2715 P
1168 2676 1510 2727 εὐχαριστήσαντος
1535 2680 1584 2721 δε]
1611 2676 1960 2727 ει’γα1)ιστήσιιντι’σ

290 2755 329 2777 τε
355 2741 496 2775 FAMV
520 2736 796 2804 ω’γαρίμιστησιι
822 2736 910 2775 τότε
928 2738 958 2772 L
1067 2741 1106 2772 19
1131 2740 1194 2773 καὶ
1219 2742 1304 2772 aute
1330 2740 1396 2773 τοῦ
1421 2749 1488 2772 om.
1508 2737 1681 2772 FLAMV
1772 2740 1847 2783 τῆς]
1874 2743 1960 2774 τοῖσ

291 2798 319 2831 I<
413 2793 716 2842 α’πομιημιεύειν
740 2795 772 2830 V
865 2799 907 2830 21)
934 2792 996 2837 ὡς]
1024 2788 1134 2831 όπωσ
1159 2794 1331 2829 FLAMV
1354 2801 1534 2840 quatenus
1550 2794 1620 2828 Lat
1714 2796 1755 2828 22
1781 2791 1865 2837 ἄξια
1883 2793 1913 2829 F

290 2850 392 2899 sirio>
395 2867 542 2899 ιτησαι
554 2853 587 2888 V
650 2856 691 2887 23
711 2848 870 2894 Ἰούλιος]
890 2850 1021 2888 oL’hoo
1035 2850 1064 2884 F
1082 2847 1230 2893 Ἰούνιος
1247 2851 1385 2886 Petitus
1405 2848 1558 2897 Οἰίβιος
1575 2850 1806 2894 Gutschmid3
1825 2850 1863 2884 P.
1878 2851 1959 2886 Ser-

290 2911 410 2945 uilium
438 2910 580 2944 Vatiam
605 2909 760 2953 intellegi
787 2912 891 2963 putat
917 2908 1171 2944 Mendelssohn
1194 2919 1230 2953 p.
1257 2910 1320 2943 213
1428 2904 1536 2944 ἰιοσο
1563 2920 1731 2953 στρατη)
1735 2904 1777 2950 ὸς
1801 2901 1957 2950 ὕπατος]

289 2967 446 3002 (sufflator
464 2973 495 3000 et
514 2967 641 3001 consul
658 2965 686 2999 Ι
691 2970 727 3000 at
798 2970 904 3002 ιϊοσο
937 2963 1103 3011 στράτηγ
1106 2977 1153 3001 οσ
1178 2964 1205 2998 Ρ
1232 2960 1252 3000 ὁ
1279 2961 1494 3011 στρατηγὸσ
1521 2963 1549 2997 F
1576 2977 1742 3011 στρατη)
1746 2961 1794 3001 ὸσ
1817 2964 1957 3000 LAMV

1961 3022 1984 3046 ο
