2107 3377
262 174 315 211 66
713 170 875 215 ANTIQ.
900 155 998 206 ΠΗ).
1021 170 1074 205 XI
1098 171 1277 206 323-329
1301 171 1386 212 (vm.
1401 176 1429 202 4.
1445 170 1476 214 5)

265 287 464 342 δύναμιν,
502 286 577 329 ἵνα
616 285 673 342 m}
716 282 1051 340 ὁμογνωμονοῦν
1082 283 1132 328 τὸ
1165 283 1299 334 έθνος
1328 282 1440 340 μηδὲ
1478 280 1704 333 συνεστός,
1745 280 1785 324 εἰ
1823 297 1930 324 νεω-

265 358 479 411 τερίσειέν
518 370 651 406 ποτε,
686 351 884 406 χαλεπὸν
912 350 939 408 ᾖ
971 361 1066 402 τοῖς
1094 353 1372 407 βασιλεῦσιν,
1413 348 1567 400 καθώς
1605 350 1678 392 καὶ
1714 347 1932 405 πρότερον

153 428 236 468 324
265 432 360 473 τοῖς
391 418 642 476 Ἀσσυρίων
683 417 868 475 ἄρξασιν
906 418 1089 474 ἐγένετο.
1159 417 1516 476 συγχωρήσαντος
1557 416 1604 459 δὲ
1637 412 1932 472 Ἀλεξάνδρου

154 835 235 875 326

155 1175 233 1214 327

156 1513 236 1554 328

157 1783 238 1822 329

265 493 416 533 πᾶσαν
458 488 810 545 εἰσενεγκάμενος
849 485 1049 545 σπουδὴν
1093 482 1374 543 ᾠκοδόμησεν
1413 483 1435 528 ὃ
1477 485 1814 540 Σαναβαλλέτης
1855 481 1933 526 τὸν

268 557 372 602 ναὸν
402 559 476 600 καὶ
513 557 632 612 ἱερέα
669 554 746 598 τὸν
776 556 1005 612 ΖΡΙανασσῆ
1043 557 1320 612 κατέστησεν,
1358 556 1565 608 μέγιστον
1603 554 1732 608 γέρας
1769 547 1936 608 ἥγησά-
1984 561 1986 565 ’

265 642 396 680 μενος
433 634 528 675 τοῖς
567 623 612 667 ἐκ
650 626 728 680 τῆς
765 621 991 678 θυγατρὸς
1029 625 1337 679 γενησομένοις
1367 616 1488 664 τοῦτ)
1524 619 1727 662 ἔσεσθαι.
1785 619 1934 675 μηνῶν

267 690 310 737 δ’
346 692 460 736 ἑπτὰ
499 710 550 749 τῃ
596 691 739 747 Τι’·ρου
777 691 1016 748 πολιορκία
1053 689 1383 748 διεληλυθότων
1421 690 1495 731 καὶ
1534 686 1610 730 δίο
1651 688 1705 743 τῇ
1736 684 1879 743 Γάζης
1908 682 1932 728 ὅ

266 762 346 816 ιιὲν
367 761 704 816 Σαναβαλλέτης
734 754 976 803 ἀπέθανεν.
1007 757 1293 814 Ἀλέξανδρος
1324 752 1366 799 δ’
1394 755 1437 806 ἐς
1421 754 1552 798 ζελιίιν
1581 753 1660 812 τὴν
1691 753 1836 806 Γάζαν
1857 751 1936 796 ἐπὶ

267 829 344 886 τὴν
375 831 463 870 τῶν
486 828 847 883 Ιεροσολυιιιτιῦν
878 825 1013 869 πόλιν
1045 821 1300 880 αναβαίνειν
1332 822 1611 867 ἐσπουδάκει.
1671 819 1694 865 ὃ
1720 817 1760 864 δ’
1789 817 1936 875 ἆρχιε-

266 896 365 951 ρεὺς
390 892 583 946 Ιαδδοῦς
612 894 734 938 τοῦτ)
770 890 960 944 ἆκούσας
990 891 1042 948 ἠν
1075 893 1118 936 ἓν
1151 889 1318 950 ἆγωνια
1338 893 1411 935 καὶ
1435 891 1537 944 δέει,
1570 892 1668 940 πῶς
1689 884 1939 945 ἀπαντήσει
1990 882 2001 914 s
2056 899 2061 914 ¹

265 974 360 1016 τοῖς
390 963 652 1007 ,Μακεδόσιν
685 962 917 1020 ἀμηχανῶν
949 958 1233 1018 οργιζομένου
1271 962 1350 1003 τοῦ
1379 961 1600 1015 βασιλέως
1631 957 1707 1001 επὶ
1737 959 1792 1014 τῇ
1821 955 1938 1011 πρό-

265 1050 392 1088 τερον
424 1028 656 1089 άπειθεία.
716 1031 1017 1086 παραγγείλας
1049 1028 1124 1072 οὖν
1157 1029 1324 1072 ἱκεσίαν
1355 1031 1418 1084 τῶ
1449 1029 1543 1083 λαιῦ
1571 1027 1644 1069 καὶ
1676 1027 1844 1068 θυσίαν
1872 1025 1938 1079 τῷ

266 1103 363 1157 θεῷ
383 1095 481 1155 μετ)
511 1095 644 1142 αὐτοῦ
662 1114 933 1156 προσφερων
954 1097 1095 1141 ἐδεῖτο
1117 1095 1427 1151 ὑπερασπίσαι
1456 1097 1534 1138 τοῦ
1556 1094 1716 1144 έθνους
1745 1093 1820 1135 καὶ
1848 1093 1937 1134 τῶν

268 1169 571 1224 ἕπερχολιιένων
608 1166 818 1210 κινδύνων
858 1161 1128 1216 ἀπαλλάξαι.
1196 1165 1571 1221 κατακοιμηθέντι
1612 1161 1660 1204 δὲ
1703 1159 1814 1215 μετὰ
1857 1157 1938 1215 τὴν
2014 1210 2018 1212 ῃ

268 1240 434 1279 θυσίαν
472 1234 760 1292 ἐχρημάτισεν
803 1229 922 1289 αὐτῷ
960 1231 1072 1275 κατὰ
1113 1232 1215 1282 τούς
1254 1230 1420 1281 Υὕπνους
1450 1227 1473 1274 0‘
1506 1229 1618 1280 θεὸς
1646 1232 1836 1284 θαρρεῖν
1864 1229 1939 1270 καὶ

268 1305 596 1361 στεφανοῦντας
624 1301 704 1358 τὴν
733 1297 869 1344 πόλιν
901 1297 1093 1356 ἀνοίγειν
1123 1299 1204 1350 τὰς
1234 1298 1397 1351 πύλας,
1428 1299 1501 1341 καὶ
1531 1296 1634 1348 τοὺς
1663 1296 1743 1351 μὲν
1779 1292 1940 1345 ἄλλους

268 1374 440 1421 λευκαῖς
473 1369 674 1426 ἐσθῆσιν,
709 1365 842 1412 αὐτὸν
875 1369 922 1412 δὲ
952 1367 1063 1424 μετὰ
1094 1370 1184 1410 τῶν
1212 1367 1363 1421 ἱερέων
1393 1375 1492 1417 ταῖς
1523 1368 1729 1419 νομίμοις
1759 1363 1940 1413 στολαῖς

268 1442 510 1483 ποιεῖσθαι
547 1436 626 1495 τὴν
664 1433 912 1494 ὑπάντησιν
950 1436 1086 1493 μηδὲν
1126 1434 1468 1491 προσδοκῶντας
1506 1435 1756 1476 πείσεσθαι
1795 1429 1940 1474 δεινὸν

271 1509 598 1563 προνοουμένου
638 1507 716 1547 τοῦ
753 1506 879 1547 θεοῦ.
941 1503 1185 1554 διαναστὰς
1224 1503 1270 1545 δὲ
1308 1501 1354 1545 ἐκ
1391 1503 1471 1544 τοῦ
1510 1496 1652 1544 ῧπνου
1691 1499 1863 1555 ἔχαιρέν
1891 1514 1942 1541 τε

267 1572 467 1632 μεγάλως
499 1570 631 1624 αὐτὸς
659 1574 733 1616 καὶ
764 1571 812 1616 τὸ
842 1572 1149 1628 χρηματισθὲν
1181 1566 1298 1626 αὐτῷ
1330 1571 1445 1612 πᾶσι
1475 1568 1673 1626 μηνύσας
1701 1569 1776 1611 καὶ
1807 1565 1941 1624 ποιή-
1995 1580 1997 1582 ·

270 1660 351 1694 σας
382 1639 467 1686 ὅσα
496 1640 608 1685 κατὰ
638 1640 742 1691 τούς
770 1640 938 1690 ὕπνους
969 1636 1087 1696 αι’-τῴ
1119 1639 1369 1695 παρηγγέλη
1401 1636 1480 1695 τὴν
1500 1639 1580 1680 τοῦ
1598 1637 1821 1691 βασιλέως
1851 1651 1942 1677 πα-

269 1716 451 1766 ρουσίαν
482 1709 715 1762 ἐξεδέχετο.

385 1784 422 1821 5.
455 1776 725 1831 Πυθόμενος
765 1771 804 1818 δ’
833 1771 967 1818 αὗτὸν
1005 1770 1054 1817 οὗ
1095 1774 1251 1829 πόρρω
1290 1775 1367 1830 τῆς
1409 1772 1584 1823 πόλεως
1623 1768 1730 1815 ὄντα
1760 1768 1942 1826 πρόεισι

269 1846 381 1901 μετὰ
411 1849 500 1889 τῶν
533 1846 684 1901 ἱερέων
715 1845 788 1887 καὶ
818 1845 897 1886 τοῦ
928 1844 1162 1886 πολιτικοῦ
1194 1840 1420 1899 πλήθους,
1459 1841 1707 1896 ἱεροπρεπῆ
1738 1840 1812 1881 καὶ
1844 1837 1941 1880 δια-

383 1980 706 2017 PFLAVWELat
719 1979 879 2014 Zonaras
903 1978 920 2012 I
944 1990 979 2023 p.
1007 1980 1083 2019 329,
1110 1979 1186 2013 353.

389 2043 401 2074 l
430 2035 755 2084 *ὁμογνομονοῦν
779 2035 825 2069 W
861 2031 1053 2081 ὁμογνοῦν
1076 2034 1106 2068 F
1247 2029 1441 2070 συνεστὼσ
1471 2031 1685 2067 A²L2VWE
1824 2029 1897 2072 *ειἸ
1921 2023 1944 2076 ἧ

270 2097 346 2132 P¹F
463 2091 753 2141 *νεοτερήσειεν
778 2092 805 2126 Ρ
934 2095 953 2126 3
979 2090 1181 2137 *ἐγίγνετο
1206 2090 1288 2124 AW
1413 2092 1433 2124 4
1456 2087 1674 2124 sanabalath
1707 2087 1766 2123 hic
1790 2089 1827 2122 et
1849 2085 1944 2122 infra

270 2154 342 2189 Lat
411 2156 429 2187 5
456 2153 629 2197 μαννασῆ
652 2149 680 2184 Ρ
705 2151 905 2194 μανασσῆν
928 2148 1080 2182 FAWE
1106 2158 1278 2182 manasen
1304 2146 1375 2181 Lat
1483 2149 1502 2180 6
1527 2143 1835 2192 *γἐνησομὲνοις]
1858 2139 1942 2190 ἡγη-

271 2209 454 2254 Gom-'voco-
478 2207 573 2242 PFV
648 2208 763 2242 τοῦτο
790 2205 822 2239 Ε
928 2208 945 2238 ῖ
971 2204 1009 2241 δὲ
1035 2204 1066 2238 Ε
1163 2200 1296 2248 Γάζης]
1323 2203 1355 2237 Ε
1381 2213 1460 2237 cum
1486 2201 1636 2237 Cocceio
1660 2198 1755 2247 γάζη
1779 2199 1883 2236 codd.
1909 2202 1945 2234 et

273 2270 312 2301 ut
328 2266 400 2301 uid.
420 2265 490 2300 Lat
560 2266 578 2299 S
605 2261 870 2309 σιιναβαλέτησ
888 2261 920 2295 Ε
989 2255 1169 2297 *α’πέθαν
1186 2260 1238 2295 sic
1254 2259 1286 2294 V
1357 2255 1592 2304 Ἀλέξανδρος
1615 2253 1665 2300 δ’]
1693 2254 1713 2294 ὃ
1731 2257 1771 2294 δὲ
1793 2251 1945 2300 άλέξαν-

273 2327 366 2367 ιῑροσ
390 2320 605 2356 FLAVWE
675 2317 777 2362 ἐξελ·
792 2315 846 2354 ὠν
869 2319 974 2356 (eras.
995 2321 1032 2357 θ)
1058 2317 1085 2351 Ρ
1109 2313 1275 2360 ἐξελθὼν
1300 2316 1332 2351 Ε
1409 2313 1570 2362 *γάζαν,
1596 2328 1643 2350 αν
1666 2314 1690 2349 i.
1708 2324 1780 2349 ras.
1798 2323 1844 2348 m.
1863 2314 1883 2347 2
1901 2323 1944 2348 ex

275 2394 316 2426 ην
334 2389 427 2414 corr.
447 2378 518 2414 uid.
537 2377 565 2411 P
636 2376 807 2410 *litterae
831 2373 892 2411 ἐπὶ
917 2371 984 2420 τὴν
1008 2387 1028 2409 τ
1046 2375 1069 2409 i.
1084 2383 1155 2409 ras.
1173 2374 1308 2408 minore
1326 2383 1370 2406 m.
1394 2374 1413 2406 2
1432 2373 1464 2405 A
1535 2374 1555 2407 9
1580 2367 1842 2417 ἱεροσολῦμων
1865 2369 1899 2405 Ε

274 2438 318 2480 ξξ
336 2438 401 2470 326
410 2445 462 2480 sq.
481 2433 648 2468 adhibuit
673 2432 854 2467 Eusebius
879 2431 970 2466 dem.
989 2441 1115 2474 euang.
1134 2430 1222 2465 VIII
1239 2432 1270 2470 2,
1289 2432 1329 2464 67
1349 2432 1396 2474 (p.
1417 2428 1529 2466 393b)
1621 2427 1660 2465 δὲ
1685 2425 1898 2463 FLAVWE

277 2497 316 2528 l«)
341 2491 470 2527 ioatlas
493 2490 566 2525 Lat
635 2485 792 2530 Ἰαδδοῦς
808 2483 929 2530 τοῦτ’]
955 2487 1107 2524 [addaiu
1124 2484 1288 2527 (ἰάὸδουσ
1305 2485 1349 2526 F)
1367 2488 1480 2522 τοῦτο
1499 2484 1596 2520 FLV
1612 2481 1776 2531 ἰωάδδησ
1791 2480 1945 2529 (ἰωάδησ

274 2549 319 2588 Ε)
344 2551 461 2584 ταῦτα
487 2550 547 2587 (τα
573 2546 680 2581 finale
704 2545 726 2582 i.
749 2555 820 2580 ras.
853 2545 951 2580 [litt.
969 2544 1014 2584 A)
1038 2544 1155 2578 AWE
1259 2537 1376 2588 ἀγῶνι
1403 2542 1500 2576 PAE
1605 2537 1801 2587 α’παντὴση
1825 2539 1854 2574 P

278 2609 311 2640 11
342 2603 512 2651 προτέρα
537 2603 570 2638 Ε
698 2605 740 2637 12
765 2599 956 2638 *ἱκετείαν
979 2600 1091 2634 LAW
1116 2599 1265 2636 ἱκεσίασ
1290 2598 1321 2633 V
1452 2600 1544 2634 *καὶ
1567 2599 1706 2634 θυσίαν
1730 2607 1799 2632 om.
1823 2595 1854 2630 L

275 2657 362 2705 μετ’
383 2657 499 2696 [ιῦτοῦ
524 2662 579 2695 τῶ
603 2661 683 2695 θεῶ
708 2661 752 2693 tr.
776 2657 957 2692 FLAVW
1045 2660 1082 2691 13
1107 2652 1195 2701 μετ’
1214 2654 1330 2692 αι’-τοῦ
1354 2666 1421 2690 om.
1448 2654 1553 2689 ELat
1633 2653 1867 2701 προσφέρων
1890 2654 1947 2689 τῶ

277 2719 355 2753 ,υτ-ὦ
381 2721 424 2751 tr.
444 2717 475 2751 E
547 2715 792 2764 προσφέρων]
818 2714 954 2759 offerre
977 2713 1047 2747 Lat
1073 2711 1360 2761 προσΙ-φέρειι·,
1385 2725 1407 2747 σ
1433 2711 1454 2746 i.
1473 2721 1545 2746 ras.
1571 2721 1617 2746 m.
1637 2713 1656 2745 2
1681 2709 1765 2751 (fuit
1788 2710 1874 2744 item
1897 2713 1946 2753 σ),

275 2778 358 2808 ante
376 2787 403 2816 ιρ
427 2776 510 2807 1-2
527 2773 595 2808 litt.
612 2783 718 2813 eras.‚
737 2785 767 2808 ει
787 2782 830 2806 ex
848 2784 869 2807 o
889 2781 980 2806 corr.
999 2780 1044 2805 m.
1066 2773 1085 2804 2
1104 2770 1132 2804 L
1215 2772 1253 2803 14
1271 2767 1607 2811 *κατακοιμηθέντι
1634 2766 1663 2800 F
1736 2766 1804 2803 *δὲ
1820 2777 1849 2802 s.
1870 2765 1899 2800 V

280 2835 315 2866 17
343 2826 573 2874 *ἐσθήσεσιν
596 2828 777 2863 FLAVW
871 2828 1051 2871 *νομίμοι
1077 2827 1123 2861 L¹
1206 2828 1244 2861 21
1274 2825 1543 2871 *παρηγγέλθη
1569 2822 1726 2858 Dindorf
1794 2825 1835 2857 23
1860 2834 1944 2859 πυν-

279 2883 499 2929 θανόμενοσ
515 2886 562 2919 W
633 2885 671 2922 δὲ
689 2884 835 2919 FLVW
906 2880 1069 2929 πρόεισι]
1088 2881 1355 2918 FVWLatZon
1382 2878 1536 2927 πρόσισι
1557 2879 1583 2913 P
1609 2877 1785 2926 πρόσεισι
1803 2878 1902 2914 LAE

278 2948 320 2979 21
346 2943 440 2978 *τοῦ
465 2953 534 2978 om.
563 2942 590 2975 L
