2029 3392
130 907 166 940 10

127 1250 164 1283 15

126 1591 165 1624 20

681 174 840 219 ANTIQ.
867 175 962 210 IUD.
991 175 1055 209 xv
1082 177 1260 210 326—330
1285 177 1344 216 ax.
1363 180 1392 218 a)
1785 180 1863 218 391

199 289 476 344 ἑκατέρωθεν
505 286 727 346 ὑπηκόους
757 288 1169 345 παραστησάμενος,
1202 289 1330 346 φόβῳ
1361 290 1440 343 μὲν
1472 285 1532 332 (ἦν
1565 286 1869 351 ἀπαραίτητος

200 357 264 408 εἰς
291 358 371 407 τὰς
400 361 630 412 τιμωρίας,
663 356 740 414 τὴν
762 355 1018 410 ἐπιμέλειαν
1041 357 1086 398 δὲ·
1119 354 1178 399 ὦν
1198 357 1507 413 μεγαλόψυχος
1539 357 1582 400 ἐν
1612 369 1709 410 ταῖς
1741 377 1867 415 περι-

200 429 401 475 πετείαις
432 422 667 480 εὗρίσκετο.
715 423 1028 480 περιεβάλλετο
1061 425 1104 466 δὲ
1137 424 1215 483 τὴν
1246 425 1415 476 ἔξωθεν
1447 422 1696 483 ἀσφάλειαν
1718 427 1868 482 ὥσπερ
1901 461 1909 471 .

199 491 483 548 ἐπιτείχισμα
513 496 583 536 καὶ
615 494 745 535 τοῦτο
774 501 867 543 τοῖς
899 487 1156 547 ἀρχομένοις
1189 493 1477 547 ποιούμενος·
1511 494 1695 538 πόλεσίν
1716 512 1762 538 τε
1788 495 1868 552 γὰρ

198 558 357 615 ὡμίλει
397 561 548 612 δεξιῶς
588 561 657 603 καὶ
701 559 1042 617 φιλανθρώπως
1082 564 1154 604 καὶ
1193 561 1294 611 τοὺς
1339 561 1557 613 δυνάστας
1597 561 1869 619 ἐθεράπευεν

197 623 440 685 εὐκαιρίαις
472 624 531 671 ὦν
562 627 770 678 ἑκάστους
803 627 1010 685 ἐδωρεῖτο
1040 628 1215 683 μείζους
1245 627 1324 679 τὰς
1351 629 1536 686 χάριτας
1568 630 1768 686 ἐμποιῶν
1797 634 1867 674 καὶ

195 695 244 738 τὸ
277 696 586 752 μεγαλόψυχον
617 695 750 754 φύσει
790 695 904 752 πρὸς
942 695 1021 754 τὴν
1059 697 1293 750 βασιλείαν
1330 694 1548 753 εὐπρεπὲς
1588 698 1715 753 ἔχων,
1759 694 1864 743 ὥστ’

197 760 316 820 αὐτῷ
348 764 495 807 πάντα
527 762 600 807 διὰ
632 764 814 807 πάντων
845 761 1065 815 αὔξεσθαι
1098 763 1212 819 πρὸς
1242 764 1291 808 τὸ
1316 768 1471 810 πλεῖον
1493 762 1563 810 άεὶ
1586 768 1868 824 προχωρούν-

194 849 296 876 των.
359 829 444 875 ὗπὸ
486 833 532 875 δὲ
571 834 648 889 τῆς
687 832 750 883 εἷς
788 835 919 875 τοῦτο
960 833 1223 890 φιλοτιμίας
1266 835 1338 876 καὶ
1378 836 1455 890 τῆς
1500 839 1770 890 θεραπείας,
1817 835 1868 894 ἢν

196 899 468 957 ἐθεράπευεν
501 905 708 955 Καίσαρα
738 903 811 944 καὶ
839 898 1068 956 Ῥωμαίων
1098 899 1202 951 τοὺς
1231 902 1442 944 πλεῖστον
1474 903 1762 958 δυναμένους,
1801 903 1868 946 ἐκ-

193 971 363 1023 βαίνειν
393 971 481 1011 τιῦν
514 968 634 1011 ἐθῶν
667 965 926 1027 ἠναγκάζετο
956 970 1028 1012 καὶ
1061 968 1207 1011 πολλὰ
1239 971 1326 1012 τιῦν
1358 974 1556 1025 νομίμων
1581 971 1870 1028 παραχαράτ-

193 1052 298 1089 τειν,
339 1035 495 1088 πόλεις
524 1053 572 1080 τε
600 1037 756 1090 κτίζων
787 1035 874 1081 ὑπὸ
909 1039 1170 1094 φιλοτιμίας
1200 1039 1271 1080 καὶ
1305 1036 1436 1088 ναοὺς
1476 1037 1676 1094 ἐγείρων,
1719 1036 1795 1082 οὐκ
1826 1039 1870 1083 ἐν

194 1105 247 1160 τῇ
277 1105 364 1147 τιῦν
391 1099 627 1158 Ἰουδαίων,
660 1102 760 1149 οὐδὲ
791 1105 872 1162 γὰρ
905 1099 957 1148 ἂν
988 1101 1221 1164 ἠνέσχοντο
1252 1107 1340 1148 τιῦν
1370 1105 1585 1150 τοιούτων
1619 1103 1868 1165 ἀπηγορευ-

194 1174 337 1227 μένων
370 1169 470 1230 ἡμῖν
502 1171 562 1224 (ὗς
601 1169 835 1228 ἀγάλματα
865 1175 936 1217 καὶ
968 1173 1136 1224 τύπους
1174 1177 1551 1232 μεμορφωμένους
1588 1177 1723 1230 τιμᾶν
1754 1175 1870 1233 πρὸς

193 1239 270 1283 τὸν
305 1238 555 1298 Ἑλληνικὸν
594 1241 784 1295 τρόπον,
830 1241 907 1298 τὴν
948 1237 990 1284 δ’
1036 1241 1118 1292 ἔξω
1156 1241 1303 1297 χώραν
1342 1244 1415 1286 καὶ
1459 1241 1514 1285 τὰ
1555 1243 1689 1299 πέριξ
1732 1239 1871 1295 οὕτως

194 1309 552 1362 κατεσκευάζετο,
580 1305 811 1359 Ἰουδαίοις
839 1310 919 1364 μὲν
951 1306 1309 1366 ἀπολογούμενος
1338 1309 1396 1368 μὴ
1429 1306 1537 1353 καθ’
1576 1311 1728 1365 αὑτὸν,
1766 1308 1864 1355 ἄλλ’

195 1375 243 1427 ἐξ
279 1375 456 1434 ἐντολῆς
494 1379 566 1420 καὶ
608 1378 961 1434 προσταγμάτων
993 1375 1104 1420 αὐτὰ
1137 1387 1304 1431 ποιεῖν,
1346 1382 1542 1435 Καίσαρι
1583 1380 1630 1422 δὲ
1664 1383 1736 1424 καὶ
1765 1378 1869 1424 Ῥω-

193 1448 346 1499 μαίοις
375 1444 425 1488 τὸ
457 1445 567 1502 μηδὲ
598 1448 684 1487 τῶν
716 1445 887 1489 οἰκείων
920 1445 1037 1489 ἐθῶν
1068 1441 1173 1489 ὅσον
1206 1449 1282 1504 τῆς
1313 1445 1488 1489 ἐκείνων
1519 1449 1649 1504 τιμῆς
1688 1447 1869 1503 ἐστοχά-

195 1516 308 1556 σθαι
338 1512 644 1569 χαριζόμενος,
687 1509 819 1564 αὐτὸς
848 1517 1000 1568 μέντοι
1031 1513 1079 1557 τὸ
1114 1514 1294 1569 σύμπαν
1326 1510 1460 1557 αύτοῦ
1492 1515 1808 1570 στοχαζόμενος
1842 1510 1870 1573 ἢ

194 1582 267 1624 καὶ
300 1581 671 1637 φιλοτιμούμενος
700 1580 835 1636 μείζω
865 1580 920 1623 τὰ
952 1591 1144 1639 μνημεῖα
1174 1584 1253 1637 τῆς
1284 1578 1417 1639 ἀρχῆς
1446 1593 1541 1634 τοῖς
1581 1574 1716 1634 αὖθις
1754 1581 1868 1627 ὕπο-

194 1649 429 1692 λιπέσθαι.
479 1644 588 1692 ὅθεν
618 1651 690 1692 καὶ
721 1652 825 1706 περὶ
856 1648 936 1700 τὰς
967 1649 1204 1701 ἐπισκευὰς
1235 1652 1322 1692 τῶν
1353 1650 1529 1694 πόλεων
1552 1649 1769 1709 ἐκεκίνητο
1795 1655 1868 1696 καὶ

194 1717 411 1766 πλείστας
441 1716 504 1767 εἰς
534 1719 663 1759 τοῦτο
695 1717 776 1768 τὰς
807 1717 1010 1768 δαπάνας
1042 1716 1253 1761 ἐποιεῖτο.

308 1905 591 1942 PFLAMVWE
601 1907 670 1942 Lat
681 1907 841 1943 Zonaras
863 1908 881 1942 I
905 1919 939 1952 p.
958 1911 1036 1943 433.

314 1968 326 1998 1
355 1961 450 2000 τοὺσ
481 1959 677 2010 ὓπηκόουσ
701 1963 734 1998 Ε
855 1962 1231 2011 *παραστησόμενοσ
1256 1964 1283 1998 Ρ
1407 1962 1520 2014 φόβῳ
1543 1985 1588 1991 —
1614 1969 1633 2001 3
1659 1963 1869 2013 εὑρίσκετο]

196 2021 324 2056 timore
348 2020 491 2066 quidem
516 2021 614 2063 quod
637 2026 729 2056 esset
753 2020 801 2055 ad
819 2031 979 2066 poenam
1004 2032 1078 2056 φιοιι
1111 2021 1225 2062 micis,
1258 2020 1447 2067 diliqentia
1471 2033 1579 2065 uero,
1611 2023 1712 2068 qnod
1742 2024 1777 2058 ιἰι
1811 2035 1871 2058 ne-

195 2075 423 2112 cessitatibus
446 2078 700 2122 maquanimus
723 2083 923 2123 appareret
945 2077 1015 2112 Lat
1112 2070 1177 2120 ὦν]
1204 2078 1296 2112 coni.
1322 2074 1378 2114 ὢν
1394 2078 1508 2121 codd„
1534 2089 1601 2114 om.
1621 2080 1653 2114 E
1759 2083 1777 2114 2
1804 2079 1873 2122 τὰς

195 2143 264 2169 om.
282 2133 315 2167 E
399 2129 468 2179 τὴν
484 2133 522 2170 δὲ
545 2132 760 2178 ἐπιμέλειαν
781 2129 835 2169 α’)’ν
859 2132 981 2170 πολὺσ
1004 2131 1279 2180 μεγαλόψυχοσ
1304 2134 1336 2169 Ε
1420 2133 1614 2186 ἐπιμελείᾳ
1638 2136 1720 2170 coni
1803 2129 1870 2178 ὧν]

196 2203 250 2226 ων
267 2189 306 2231 Ρ,
331 2200 400 2224 om.
420 2190 448 2224 F
453 2190 638 2225 LAMVW
721 2192 739 2223 3
765 2186 976 2237 εὑρίσκεται
996 2190 1028 2224 Ε
1111 2188 1363 2238 περιεβάλετο
1381 2191 1411 2225 F
1413 2191 1479 2226 LV
1503 2189 1771 2238 περιβάλλεται
1789 2193 1868 2228 cod.

194 2246 306 2282 Busb.
325 2246 358 2281 E
439 2246 477 2282 δὲ
494 2257 562 2281 om.
582 2246 615 2280 E
694 2241 780 2282 *ὠσ
797 2247 1060 2292 περιτείχισμα
1082 2246 1111 2281 F
1193 2249 1218 2281 4·
1237 2249 1313 2289 καὶ]
1339 2242 1457 2284 αὐτοῦ
1478 2250 1542 2284 καὶ
1566 2248 1822 2284 FLAMVWE

196 2303 309 2338 *τοῖσ
333 2298 567 2349 ἀρχομένοιο
591 2304 704 2338 τοῦτο
729 2307 773 2337 tr.
792 2302 824 2336 V
940 2305 984 2343 ,ἓξ
1011 2305 1189 2338 327-330
1218 2303 1367 2339 liberius
1390 2305 1574 2339 transtulit
1598 2304 1669 2339 Lat
1785 2307 1868 2348 *τε]

195 2359 265 2403 μὲν
287 2358 509 2394 FLAMVW
611 2361 630 2392 6
654 2357 721 2394 *ἐν
745 2354 956 2405 εύκαιρίαισ
980 2359 1012 2393 V
1111 2354 1176 2405 ἀφ’
1202 2351 1257 2394 ὧν
1280 2359 1314 2394 Ε
1418 2357 1617 2404 ἑκάστουσ,
1642 2374 1687 2398 ου
1711 2372 1803 2397 corr.
1829 2367 1870 2396 ut

195 2415 268 2450 uid.
293 2425 337 2449 ex
362 2429 392 2451 ω
416 2414 446 2448 L
472 2411 652 2451 εκάστοισ
674 2414 817 2450 AMVE
921 2413 1120 2461 *ἐδορεῖτο
1145 2415 1176 2450 L
1279 2417 1461 2460 μείζονασ
1486 2417 1518 2451 Ε
1622 2421 1640 2451 ῖ
1666 2413 1869 2464 εύπρεπῶσ

195 2470 417 2506 FLAMVW
491 2463 587 2507 ὥστε
613 2471 646 2505 Ε
731 2473 750 2505 8
777 2468 860 2508 *διὰ
877 2465 1003 2508 πάντα
1021 2472 1067 2506 W
1143 2472 1260 2508 πλέον
1284 2471 1457 2508 FLAMV
1534 2472 1869 2522 προσχωρούντων

197 2527 415 2562 FLAMVW
538 2531 575 2561 10
600 2528 831 2564 *πλείστουσ
854 2527 884 2562 F
918 2531 1075 2564 πλεῖστα
1100 2529 1139 2563 Μ
1249 2533 1285 2564 11
1313 2527 1440 2565 ἐθνῶν
1467 2529 1644 2564 FA¹WE¹
1755 2534 1795 2566 13
1821 2528 1868 2568 ὅὶν

197 2594 266 2619 om.
292 2583 355 2618 PE
449 2579 658 2630 *ἠνέσχετο
683 2584 712 2618 Ρ
818 2588 859 2619 14
883 2587 969 2630 τιμῆ
993 2585 1025 2619 Ε
1125 2589 1165 2620 415
1191 2585 1229 2622 δὲ
1254 2585 1287 2620 Ε
1381 2583 1456 2622 *τὰ
1482 2585 1601 2630 πέριξ]
1635 2583 1708 2623 τὰσ
1733 2585 1869 2624 πόλεισ

198 2662 418 2698 FLAMVW
509 2656 637 2699 *οὕτω
662 2663 707 2697 W
804 2666 844 2699 16
868 2643 1092 2700 *καθαευτον
1115 2664 1143 2698 Ρ
1247 2668 1285 2698 17
1313 2660 1405 2701 αὐτὸ
1432 2665 1479 2698 W
1503 2667 1621 2701 ταῦτα
1646 2665 1712 2701 VE
1804 2669 1868 2703 καὶ

197 2729 265 2754 om.
284 2719 330 2754 W
446 2722 486 2754 18
511 2716 570 2761 τὸ]
595 2722 649 2756 τῶ
676 2719 754 2755 WE
865 2720 1002 2766 *μηδὲν
1027 2720 1058 2755 V
1159 2724 1200 2756 19
1231 2718 1497 2776 χαριζόμενος]
1530 2719 1868 2768 προφασιζόμενος

198 2797 320 2833 Naber
397 2795 514 2835 αὑτοῦ
532 2799 577 2834 W
659 2796 1139 2854 ὑπολείπεσθαι-ΕΒΑΣΤῚΝ
1164 2780 1441 2837 ὑπολείπεσθαι
1466 2800 1516 2842 Μ,
1540 2812 1589 2846 γρ
1613 2795 1866 2838 ὑπολιπέσθαι

198 2855 219 2888 i.
236 2864 347 2896 marg.
372 2855 406 2888 A
497 2852 772 2892 ὑπολείπεσθαι
798 2861 882 2892 τοῖσ
908 2857 1022 2892 αὐθισ
1045 2859 1089 2890 tr.
1115 2855 1268 2891 FAMW
1365 2859 1402 2891 21
1431 2852 1504 2892 τὰσ
1528 2850 1747 2892 ὑποσκευὰσ
1769 2856 1798 2891 Ρ

198 2936 268 2977 τῆσ
292 2902 354 2971 a}
380 2933 414 2969 v
506 2936 549 2968 22
574 2937 715 2970 τοῦτον
739 2935 785 2969 w
878 2930 946 2977 τὰς
970 2945 1039 2970 om.
1064 2934 1284 2970 FLAMVW

1902 841 1982 881 328

1902 1114 1982 1155 329

1902 1319 1982 1360 330
