2107 3377
311 177 335 213 6
830 172 993 217 ANTIQ.
1018 172 1116 208 IUD.
1141 172 1194 207 XI
1222 175 1353 208 10—15
1379 175 1414 214 (1.
1432 176 1462 215 3)

306 291 453 346 Κῦρος
490 289 564 331 καὶ
603 287 659 330 τὰ
699 286 827 344 σκεύη
867 287 947 329 τοῦ
984 288 1118 339 θεοῦ,
1160 285 1187 328 ἃ
1227 285 1422 342 συλήσας
1460 284 1538 328 τὸν
1570 284 1674 328 ναὸν
1714 281 1736 327 ὃ
1768 284 1979 339 βασιλεὺς

244 360 256 397 1
275 360 289 397 1
310 355 760 413 Ναβουχοδονόσορος
783 353 846 404 εἷς
865 352 944 409 τὴν
966 354 1213 408 Βαβυλῶνα
1234 353 1446 408 ἐκόμισεν.
1495 353 1751 408 παρέδωκεν
1773 352 1820 394 δὲ
1839 354 1979 395 ταῦτα

307 428 459 483 φέρειν
489 422 759 479 Μιθριδάτῃ
789 423 854 477 τῷ
893 420 1163 478 γαζοφύλακι
1202 417 1335 465 αὐτοῦ
1377 420 1633 476 προστάξας
1673 420 1826 462 δοῦναι
1867 418 1977 462 αὐτὰ

301 488 588 548 Ἀβεσσάρῳ,
628 490 753 540 ὅπως
793 489 991 546 φυλάττῃ
1030 492 1157 545 μέχρι
1185 491 1263 547 τῆς
1294 488 1551 543 οἰκοδομίας
1580 489 1658 530 τοῦ
1691 489 1818 540 ναοῦ,
1857 488 1979 530 τελε-

308 563 497 610 σθέντος
529 559 576 602 δὲ
609 553 742 601 αὐτοῦ
773 556 964 612 παραδῷ
995 565 1089 607 τοῖς
1121 557 1309 612 ἱερεῦσιν
1339 558 1413 599 καὶ
1436 553 1644 611 ἄρχουσιν
1673 557 1752 598 τοῦ
1773 554 1980 610 πλήθους
2009 565 2029 596 5
2081 557 2087 570 '

244 627 374 679 12εἷς
401 626 479 670 τὸν
510 625 617 669 ναὸν
648 621 1028 704 ἀποθησομένοις.
1088 627 1261 679 πέμπει
1292 624 1339 667 δὲ
1368 625 1440 667 καὶ
1473 621 1714 680 ἐπιστολὴν
1742 621 1857 679 πρὸς
1877 621 1979 674 τούς

309 694 354 738 ἐν
384 698 524 750 Συρίᾳ
555 692 791 748 σατράπας
820 694 966 749 Κύρος
995 691 1102 735 τάδε
1133 693 1364 748 λέγουσαν·
1396 691 1634 747 ,βασιλεὺς
1658 693 1799 748 Κῦρος
1823 693 1978 747 Σισίνῃ

307 763 381 805 καὶ
402 760 697 818 Σαραβασάνη
726 764 910 815 χαίρειν
963 755 1190 803 Ιουδαίων
1210 762 1297 802 τῶν
1319 759 1362 803 ἐν
1393 762 1447 816 τῇ
1478 759 1558 815 ἐμῇ
1584 758 1707 816 χώρᾳ
1727 757 1981 801 κατοικούν-

306 846 397 873 των
428 828 656 884 ἐπέτρεψα
685 837 780 878 τοῖς
809 829 1097 882 βουλομένοις
1137 827 1199 878 εἷς
1236 826 1315 884 τὴν
1347 827 1466 870 ἰδίαν
1498 823 1754 870 ἀπελθοῦσι
1784 825 1982 882 πατρίδα

308 896 388 955 τήν
417 913 467 940 τε
497 896 632 940 πόλιν
663 891 910 948 ἀνακτίζειν
938 897 1012 938 καὶ
1042 894 1119 938 τὸν
1151 894 1257 938 ναὸν
1290 895 1581 952 οἰκοδομῆσαι
1615 893 1693 937 τὸν
1725 910 1770 936 εν
1795 890 1984 950 Ἱεροσο-
2015 902 2050 934 10

246 965 467 1021 13λύμοις
496 967 576 1008 τοῦ
605 965 717 1006 θεοῦ
747 962 824 1007 ἔπι
855 965 933 1006 τοῦ
955 958 1091 1006 αυτοῦ
1113 962 1268 1015 τόπου,
1302 958 1377 1021 ἐφ’
1406 967 1455 1006 οὑ
1483 964 1557 1006 καὶ
1579 962 1812 1045 πρότερον.
1855 963 1983 1004 κατέ-

310 1041 476 1089 πεμψα
508 1032 556 1075 δέ
585 1049 670 1086 μου
700 1033 773 1074 καὶ
804 1030 882 1074 τὸν
911 1030 1197 1087 γαζοφύλακα
1227 1030 1524 1087 ,Μιθριδάτην
1563 1032 1636 1073 καὶ
1668 1028 1984 1087 Ζοροβάβηλον

309 1100 388 1145 τὸν
420 1117 610 1157 αρχοντα
639 1101 728 1142 τῶν
754 1094 1001 1150 Ιουδαίων,
1036 1098 1111 1140 ι’να
1141 1099 1380 1152 θεμελίους
1408 1097 1635 1152 βάλωνται
1664 1099 1742 1140 τοῦ
1773 1098 1881 1140 ναοῦ
1909 1097 1984 1140 καὶ
2078 1110 2094 1142 ,1

311 1167 666 1224 οικοδομήσωσιν
698 1162 831 1210 αὐτὸν
864 1161 979 1221 ῧψος
1008 1166 1087 1220 μὲν
1119 1164 1325 1223 ἑξήκοντα
1356 1168 1508 1222 πηχιῦν
1539 1167 1626 1207 τῶν
1657 1160 1699 1207 δ’
1737 1159 1881 1207 αυτιῦν
1910 1165 1985 1207 καὶ
2078 1139 2104 1215 ξ

309 1234 360 1278 τὸ
394 1233 533 1290 εὖρος,
566 1235 700 1277 λίθου
729 1234 810 1288 μὲν
842 1233 995 1284 ξεστοῦ
1025 1242 1143 1315 τρεῖς
1174 1231 1472 1290 ποιησάμειοι
1504 1231 1667 1287 δόμους
1695 1233 1770 1275 καὶ
1807 1231 1883 1275 ε’να
1914 1231 1987 1283 ξύ·
2017 1241 2053 1273 15
2079 1226 2101 1267 ’ἶ

312 1303 432 1346 λινον
463 1302 684 1359 εγχώριον,
716 1299 884 1356 ὁμοίως
914 1301 962 1344 δὲ
991 1302 1065 1343 καὶ
1100 1299 1447 1355 θυσιαστήριον,
1490 1296 1565 1356 εφ)
1593 1303 1642 1343 οὑ
1672 1298 1893 1343 θύσουσιν
1922 1302 1986 1356 τῷ
2079 1288 2105 1371 ξ

248 1376 298 1415 14
311 1373 425 1427 θεῷ.
474 1369 552 1427 τὴν
575 1370 622 1413 δὲ
653 1369 717 1420 εἰς
746 1371 886 1412 ταῦτα
908 1368 1112 1425 δαπάνην
1135 1367 1180 1411 ἐκ
1199 1370 1287 1410 τῶν
1309 1367 1499 1422 ἐμαυτοῦ
1520 1370 1734 1423 γενέσθαι
1753 1367 1985 1423 βούλομαι.

308 1440 386 1482 καὶ
415 1437 470 1481 τὰ
503 1437 630 1494 σκεύη
665 1437 724 1490 δέ,
759 1436 786 1480 ἃ
809 1436 1018 1494 ἐσύλησεν
1040 1435 1085 1479 ἐκ
1106 1438 1184 1479 τοῦ
1212 1438 1318 1479 ναοῦ
1341 1434 1790 1491 Ναβουχοδονόσορος
1810 1432 1832 1478 ὁ
1854 1438 1986 1490 βασι·
2080 1431 2105 1495 ξ

312 1505 422 1556 λεύς,
454 1504 641 1561 ἔπεμψα
666 1504 897 1561 παραδοὺς
919 1503 1190 1561 Μιθριδάτῃ
1211 1506 1276 1560 τῷ
1296 1503 1570 1561 γαζοφύλακι
1591 1505 1663 1547 καὶ
1684 1503 1986 1560 Ζοροβαβήλῳ
2099 1550 2103 1558 ,

310 1576 375 1630 τῷ
414 1570 589 1631 ἄρχοντι
627 1575 715 1616 τῶν
742 1570 980 1625 Ἰουδαίων,
1022 1572 1098 1616 ἵνα
1137 1572 1457 1627 διακομίσωσιν
1495 1571 1559 1622 εἷς
1592 1567 1873 1627 Ἱεροσόλυμα
1913 1573 1989 1615 καὶ
2018 1580 2054 1613 20
2095 1561 2104 1594 ’ἶ

248 1647 296 1685 15
314 1637 746 1699 ἀποκαταστήσωσιν
790 1640 853 1691 εἷς
890 1640 968 1684 τὸν
1006 1639 1113 1683 ναὸν
1151 1642 1229 1682 τοῦ
1266 1642 1392 1683 θεοῦ.
1453 1637 1476 1682 ὁ
1518 1636 1559 1682 δ’
1602 1635 1798 1694 ἀριθμὸς
1843 1634 1989 1682 αὐτῶν

313 1708 433 1753 ἐστιν
455 1712 689 1761 τοσοῦτος·
722 1711 940 1765 ψυκτῆρες
957 1707 1137 1765 χρύσεοι
1159 1708 1445 1767 πεντήκοντα,
1469 1703 1674 1763 ἀργύρεοι
1694 1706 1987 1763 τετρακόσιοι,

430 1853 1727 1933 ξ1οε1.Εει·3,ΙΙῖ;ἓ12π1.Εει-8,ΥΙ23,01..2ΕετιιΙῖ.

427 1979 928 2015 PFLAVxWELatZOnmas
954 1979 970 2013 I
994 1990 1029 2023 p.
1054 1982 1132 2013 304.

432 2040 448 2071 1
469 2033 490 2073 ὁ
508 2034 686 2083 βασιλεὺς
703 2046 771 2070 om.
789 2035 854 2070 LE
864 2035 934 2069 Lat
997 2038 1015 2068 2
1032 2033 1482 2081 *ναβουχαδανάσσαροσ
1499 2034 1576 2069 PW
1638 2032 1794 2079 ἐκόμισε
1810 2033 1876 2069 FE
1894 2037 1930 2069 et
1946 2044 1990 2069 ex

315 2103 409 2128 corr.
427 2092 493 2127 LA
563 2092 761 2139 παρέδωκε
786 2092 848 2126 FL
872 2096 910 2126 et
933 2101 978 2126 ex
995 2101 1087 2126 corr.
1114 2091 1176 2125 PA
1247 2094 1265 2125 3
1291 2089 1521 2138 προστάξεις]
1547 2089 1666 2134 τάξασ
1683 2091 1777 2126 PFV
1825 2094 1846 2126 4
1870 2086 1989 2138 οἷβασ-

314 2146 423 2194 σάρω
441 2151 578 2193 (-σαρῶ
596 2148 638 2191 F>
657 2147 906 2183 FLAVWLat
974 2145 1139 2194 φυλάττ·
1161 2147 1191 2182 L
1275 2151 1293 2182 5
1319 2145 1479 2193 ἄρχουσι
1497 2147 1678 2184 FLAVW
1757 2150 1777 2182 6
1794 2143 1990 2195 α’ποθησο-

315 2205 456 2250 μένοις]
475 2200 837 2251 άποδοθησομένοισ
856 2203 916 2238 FL
935 2199 1258 2250 ἀποδοθησόμενα
1277 2204 1390 2238 AVW
1407 2204 1617 2250 reponenda
1634 2204 1705 2239 Lat
1768 2208 1785 2239 ἰ’
1804 2204 1991 2251 λέγουσαν

315 2259 405 2298 τάδε
422 2265 467 2297 tr.
485 2261 532 2296 W
649 2262 804 2307 συσσίνη
822 2260 851 2295 F
877 2262 1020 2307 σισίννη
1037 2260 1151 2295 LAW
1174 2261 1300 2295 sisinio
1318 2260 1389 2295 Lat
1515 2264 1533 2295 8
1559 2258 1803 2308 σαραβασάνι
1820 2261 1848 2295 Ρ
1874 2274 1991 2307 σαρα-

314 2315 463 2365 βατάνη
487 2317 520 2353 V
550 2315 825 2365 σαραβασάννη
850 2316 896 2351 W
927 2316 1126 2352 sarabasne
1150 2317 1220 2351 Lat
1311 2320 1330 2351 9
1357 2317 1410 2359 εἷς
1436 2338 1476 2342 -
1502 2320 1680 2364 πατρίδα]
1707 2317 1886 2360 WELat,
1921 2328 1989 2354 om.

315 2375 478 2410 PFLAV
550 2378 591 2410 10
617 2370 819 2411 α’νακτίσαι
844 2373 875 2408 Ε
950 2376 989 2407 12
1015 2371 1311 2420 *ζοροβάβελον
1335 2374 1417 2408 vet
1434 2379 1473 2408 ut
1490 2374 1562 2409 uid.
1589 2373 1618 2408 F
1692 2376 1731 2408 13
1759 2371 1991 2421 *ἄρ·χοντα

315 2433 348 2466 A
427 2428 635 2478 βάλωνται,
661 2446 691 2467 ω
715 2441 759 2465 ex
785 2443 806 2466 0
832 2440 925 2465 corr.
943 2440 989 2464 m.
1008 2432 1027 2463 2
1053 2429 1083 2464 L
1202 2433 1242 2465 14
1267 2429 1614 2476 *οἰκοδομήσωσιν
1638 2430 1682 2465 Ρι
1775 2428 1990 2476 *ἑξήκοντα1

317 2485 353 2531 ξ’
371 2487 404 2523 V
474 2487 539 2524 *δὲ
556 2488 602 2523 W
676 2491 715 2522 15
741 2485 893 2530 ἑξέστου
910 2485 956 2519 W
1026 2486 1308 2532 ποιησαμένουσ
1334 2487 1362 2521 Ρ
1388 2488 1646 2534 ποιησαμένου
1664 2487 1692 2521 F
1766 2489 1806 2521 16
1830 2484 1990 2524 θύσουσί

317 2545 349 2579 V
373 2541 542 2581 θύσωσιν
567 2544 594 2578 Ρ
619 2543 765 2580 θύσωσι
783 2543 812 2578 F
838 2540 959 2580 θύωσι
976 2543 1088 2578 LAW
1113 2540 1247 2579 θύουσι
1272 2543 1304 2578 Ε
1333 2543 1522 2578 immolant
1546 2543 1617 2578 Lat
1696 2547 1734 2578 17
1761 2543 1841 2585 *δὲΙ
1868 2553 1938 2579 om.
1963 2544 1990 2578 P

318 2597 353 2637 δ’
371 2601 405 2634 A
524 2603 563 2635 18
588 2599 743 2647 ἐσύλησε
757 2620 766 2627 ·
786 2601 819 2633 A
941 2597 1359 2646 ναβουχαδανάσσαροσ
1384 2600 1412 2634 Ρ
1552 2597 1943 2646 ναρόυχοδονόσοροσ
1969 2597 1990 2636 ὃ

317 2654 500 2705 βασιλεὺσ
525 2656 567 2693 ἐκ
592 2660 659 2694 τοῦ
686 2660 780 2693 ναοῦ
804 2660 849 2692 tr.
869 2658 902 2690 A
1020 2660 1060 2690 19
1085 2656 1361 2704 *ζοροβαβέλω
1386 2656 1419 2691 V
1535 2659 1577 2690 20
1603 2657 1849 2699 διακομίσωσι
1876 2656 1922 2691 L*

319 2714 372 2756 εἰς
396 2734 439 2739 ——
466 2716 504 2748 21
534 2709 905 2760 ἀποκαταστήσωσιν
929 2723 997 2749 om.
1017 2713 1105 2754 P1F,
1131 2714 1248 2758 suppl.
1268 2714 1288 2747 i.
1307 2723 1417 2757 marg.
1437 2713 1492 2754 1³2,
1517 2723 1587 2756 quo
1613 2713 1748 2747 factum
1774 2716 1840 2755 est,
1865 2716 1904 2747 ut
1921 2712 1988 2749 litt.

320 2771 373 2813 εἰς
391 2767 536 2814 Ἱεροσό
563 2775 598 2805 et
621 2773 683 2807 καὶ
709 2767 838 2807 α’ποκα
864 2769 1110 2805 reciderentur
1227 2772 1267 2805 21
1295 2769 1333 2806 δὲ
1352 2769 1396 2803 W
1512 2766 1615 2804 ἐστιν
1639 2763 1766 2804 αὐτῶν
1790 2773 1833 2803 tr.
1847 2769 1928 2804 AW

320 2830 363 2863 22
388 2825 467 2863 ἐστι
492 2826 573 2861 FL²
665 2825 912 2874 πεντήκοντα]
939 2830 961 2863 ’ῦ
986 2827 1051 2863 VE
1167 2823 1343 2873 α’ργύρεοι
1371 2825 1538 2860 iteratum
1563 2824 1738 2869 expunxit
1761 2836 1806 2860 m.
1826 2829 1845 2860 2
1870 2826 1900 2861 L
2106 2834 2107 2876 3

320 2878 531 2931 *ἀργύρεοι
550 2903 593 2908 —-
611 2888 642 2926 ἵ,
666 2888 677 2917 1
708 2882 942 2930 πεντήκοντα
969 2893 1036 2920 om.
1065 2883 1092 2917 F
1212 2879 1493 2930 *τετρακόσιοι,
1518 2882 1540 2916 i.
1558 2891 1669 2925 marg.
1689 2893 1733 2916 m.
1753 2884 1772 2916 2
1794 2897 1808 2911 α
1822 2897 1837 2913 α
1852 2880 1992 2920 οτακό-
2105 2880 2107 2924 1

320 2952 396 2977 σιοι
422 2940 450 2974 Ρ
476 2935 513 2975 ϋ’
533 2939 597 2975 VE
624 2939 869 2977 πεντακόσιοι
898 2941 942 2976 W
967 2941 1168 2986 qm'nqcnta
1194 2939 1275 2981 (XL
1301 2939 1377 2975 cod.
1404 2939 1510 2981 Wiz.)
1536 2937 1605 3016 [zat
