2029 3392
830 181 1019 216 Praefatio.
1700 180 1759 215 LV

235 296 302 339 hic
328 302 369 339 et
390 296 756 350 Hennebergcnsis
788 296 931 350 paucis
965 296 1065 338 locis
1087 310 1140 338 ex
1164 294 1354 338 Hudsoni
1376 298 1447 336 aut
1472 294 1758 349 Haucrkampi

234 365 341 408 notis
372 365 492 408 asciti
524 368 629 407 sunt.

149 431 233 474 NC
262 452 316 466 =
347 432 480 475 codex
512 431 609 473 noui
644 432 811 486 collegii
843 430 1096 474 Oxoniensis
1128 430 1181 473 ab
1215 430 1417 473 Hudsono
1449 429 1612 472 citatus.
1664 428 1760 471 uide

233 515 272 556 p.
305 500 395 553 XV,
429 500 620 541 XLVIII.

145 567 232 608 Zon
264 587 319 601 =
350 568 540 610 Zonarae
573 566 811 619 chronicon,
845 566 916 620 qui
947 567 988 608 in
1022 565 1086 609 his
1119 580 1285 620 quoque
1308 565 1478 619 Iosephi
1511 564 1629 607 libris
1661 577 1759 606 usus

229 641 291 679 est
324 637 520 690 epitoma.
573 634 670 676 uide
703 649 740 689 p.
764 634 877 676 XIII.

140 704 241 745 Ewc
270 722 325 736 =
358 704 568 758 Excerpta
591 703 860 745 Peiresciana
892 706 933 744 et
964 702 1199 744 Vrsiniana.
1249 701 1346 744 uide
1377 715 1416 756 p.
1440 701 1539 742 XIV
1563 704 1604 742 et
1629 700 1758 742 XLII.

139 771 200 811 ecl.
229 785 299 826 pr.
331 790 386 804 =
418 771 547 814 editio
580 771 776 826 princeps
807 770 862 812 ab
893 770 1065 811 Arlenio
1097 775 1252 812 curata.

139 839 310 880 Ernesti
348 839 615 882 coniecturae
647 844 794 881 extant
825 839 866 880 in
899 837 1266 880 obseruationibus
1308 835 1757 892 philologico-criticis

224 908 263 950 in
297 907 592 962 Aristophanis
633 907 765 949 nubes
805 911 847 949 et
877 906 1015 948 Flauii
1047 905 1217 960 Iosephi
1256 905 1531 959 antiquitates
1563 904 1758 947 Iudaicas

228 976 415 1030 (Lipsiae
443 977 578 1025 1705).

141 1042 346 1097 Dindorf
366 1043 615 1097 nominatur,
648 1043 683 1085 si
715 1041 816 1095 quid
847 1042 888 1083 in
921 1040 1105 1084 editione
1131 1041 1326 1083 Parisina
1355 1039 1540 1095 protulit,
1573 1039 1625 1082 L.
1650 1039 1757 1080 Din-

229 1111 350 1166 dms,
403 1111 439 1153 si
485 1110 587 1164 quid
632 1111 673 1154 in
719 1109 942 1152 annalibus
986 1109 1214 1164 philologis
1259 1109 1527 1152 Fleckeiseni
1573 1109 1670 1159 (uol.
1703 1110 1755 1149 99

226 1193 265 1234 p.
290 1182 366 1222 281
386 1182 495 1235 sqq.)
528 1178 782 1222 emendauit.

146 1246 373 1288 Heln-orda
407 1249 667 1291 coniecturas
699 1245 838 1289 emisit
868 1245 910 1287 in
941 1244 1284 1288 emendationum
1314 1244 1591 1288 flauianarum
1621 1245 1754 1300 speci-

229 1315 340 1359 mine
373 1315 642 1358 Gorinchemi
682 1316 798 1356 1847.

146 1382 311 1423 Nubes-i
339 1383 656 1426 emendationes
679 1381 940 1437 reperiuntur
960 1381 1003 1424 in
1026 1381 1327 1435 Mnemosynae
1349 1381 1537 1425 Batauae
1558 1396 1653 1425 nou.
1675 1394 1754 1426 ser.

227 1452 310 1493 uol.
343 1451 447 1493 XIII
479 1456 520 1493 et
550 1450 662 1492 XIV.

146 1517 405 1566 Gronomtzs,
437 1517 662 1564 Krebsius,
707 1516 879 1557 Vim-eelz
911 1522 952 1560 et
982 1516 1339 1558 Mendelssolmius
1369 1518 1630 1561 coniecturas
1660 1532 1752 1574 pro-

225 1587 409 1629 tulerunt
439 1587 481 1628 in
516 1585 635 1628 libris
667 1598 795 1640 supra
824 1600 863 1640 p.
886 1586 963 1627 LII
979 1599 1041 1639 sq.
1074 1586 1268 1629 laudatis.

144 1652 404 1695 Gutschmidz'
437 1653 735 1696 adnotationes
766 1654 808 1695 in
840 1654 1077 1709 exemplari
1119 1659 1264 1697 extant
1302 1655 1357 1697 ab
1397 1655 1486 1698 eius
1526 1653 1752 1697 heredibus

225 1721 328 1764 mihi
363 1721 530 1764 tradito.

138 1803 217 1830 van
249 1789 509 1830 Hel-werden
546 1802 640 1831 cum
670 1789 998 1832 Ambrosianum
1030 1794 1246 1832 excuteret
1284 1803 1382 1832 suas
1422 1789 1627 1844 quasdam
1659 1803 1751 1833 con-

223 1858 406 1901 iecturas
436 1857 635 1913 adposuit
664 1857 706 1901 in
738 1858 984 1913 exemplari,
1016 1857 1130 1913 quod.
1161 1858 1264 1900 mihi
1295 1858 1412 1902 dedit
1441 1862 1496 1913 (p.
1514 1859 1639 1908 VIII).

195 1982 328 2038 Signa
358 1983 530 2037 aliaque
560 1983 793 2038 scripturae
824 1981 1076 2038 compendia
1107 1983 1362 2038 explicanda
1391 1989 1489 2027 sunt
1518 1984 1643 2028 haec:

137 2061 164 2114 †
195 2076 300 2107 crux
330 2063 615 2117 corruptelam
644 2062 816 2106 indicat.

141 2146 163 2170 *
196 2131 425 2175 asteriscus
455 2131 497 2173 in
528 2135 648 2174 textu
668 2131 778 2174 inter
798 2131 970 2186 Iosephi
991 2131 1122 2174 uerba
1142 2131 1304 2186 positus
1324 2132 1520 2175 lacunam
1541 2131 1751 2186 significat

223 2199 372 2242 uideri.
402 2199 517 2242 idem
534 2199 644 2241 notis
660 2200 804 2254 paullo
821 2212 950 2255 supra
966 2213 1132 2243 uersum
1150 2200 1417 2255 praepositus
1432 2201 1565 2251 (uelut
1582 2199 1751 2252 *ἐχθρὰ

220 2268 326 2320 PW)
347 2267 403 2309 ad
425 2268 654 2322 epitomam
676 2271 861 2323 spectat;
887 2272 1065 2311 testatur
1087 2267 1197 2311 enim
1219 2281 1269 2311 eo
1290 2269 1382 2312 loco
1405 2269 1634 2323 epitomam
1656 2282 1750 2312 cum

222 2340 341 2378 textu
372 2337 620 2380 consentire.
680 2341 725 2378 at
755 2335 947 2379 codicum
978 2335 1229 2379 lectionibus
1267 2336 1483 2378 immixtus
1523 2337 1748 2380 asteriscus

222 2404 407 2447 litteram
438 2397 611 2447 exesam
640 2405 780 2448 alioue
810 2418 910 2448 casu
942 2404 1168 2448 euanidam
1199 2404 1407 2459 significat
1437 2405 1570 2456 (uelut
1601 2402 1748 2459 ἐβασί-

223 2472 294 2514 §lev
312 2488 331 2511 »ιε
349 2474 401 2522 ae).

136 2538 177 2598 []
207 2540 326 2583 uncis
356 2540 519 2583 inclusa
548 2541 691 2596 spuria
722 2546 794 2584 aut
824 2545 1022 2596 suspecta
1053 2541 1258 2583 uidentur.

141 2632 149 2639 ·
182 2613 382 2664 punctum
411 2609 455 2651 in
484 2609 593 2652 notis
619 2609 727 2653 inter
754 2609 946 2653 codicum
968 2609 1170 2652 lectiones
1190 2609 1232 2651 in
1256 2608 1396 2652 media
1415 2609 1651 2652 litterarum
1673 2609 1745 2652 uia

219 2677 402 2731 positum
432 2677 616 2720 litteram
647 2690 814 2721 erasam
843 2676 1052 2731 significat
1083 2678 1213 2730 (uelut
1242 2676 1417 2731 ἔλεγε).

135 2760 184 2798 γρ
214 2745 257 2787 in
288 2745 504 2788 codicibus
533 2745 706 2788 iunctim
737 2745 938 2800 scriptum
967 2764 1023 2779 =
1052 2743 1281 2800 γράφεται.

141 2811 234 2853 add.
266 2833 320 2846 =
350 2813 472 2856 addit
501 2813 663 2856 addunt
691 2813 859 2856 similia.

138 2881 241 2924 coni.
275 2881 535 2924 coniecturas
565 2894 680 2924 meas
710 2880 932 2935 significat,
963 2881 1043 2923 nisi
1074 2880 1182 2923 alius
1213 2883 1359 2924 auctor
1389 2879 1640 2924 nominatur.

137 2961 247 2991 corr.
280 2969 332 2982 =
365 2950 546 2992 correxit
576 2954 806 2993 correctum
838 2948 1005 2991 similia.
