2107 3377
119 323 173 363 40

119 597 167 636 41

118 867 171 906 42

116 1208 169 1248 43

116 1682 169 1720 44

205 206 285 244 158
674 206 835 252 ANTIQ.
859 206 957 243 IUD.
981 207 1070 244 xm
1095 210 1227 244 39—45
1253 211 1302 253 (ιι.
1318 216 1344 242 ι.
1360 214 1390 252 2)

205 322 284 364 τοῦ
320 336 369 363 τε
408 321 516 363 λαοῦ
554 321 627 364 καὶ
665 322 753 363 τῶν
793 321 1102 377 φρουρούντων
1131 321 1210 381 τὴν
1241 318 1498 379 ἀκρόπολιν.
1559 318 1868 380 ἀναγνωσθέν-

204 405 292 431 των
324 388 371 431 δὲ
401 387 569 431 τούτων
600 387 644 431 οἱ
675 383 850 441 ἀσεβεῖς
878 390 949 432 καὶ
983 389 1175 446 φυγάδες
1206 391 1249 434 οἱ
1280 390 1326 434 ἐκ
1355 393 1433 447 τῆς
1455 386 1739 446 ἀκροπόλεως
1769 393 1869 435 λίαν

205 456 380 500 ἔδεισαν
421 455 769 513 ἐπιτετροφότος
793 450 983 514 Ἰωνάθη
1022 460 1101 500 τοῦ
1137 460 1358 513 βασιλέως
1397 457 1608 513 στρατιὰν
1648 459 1868 515 συλλέγειν

203 525 276 568 καὶ
306 523 409 574 τοὺς
439 521 630 581 ὁμήρους
661 518 920 578 ἀπολαβεῖν.
979 521 1002 568 ὃ
1035 525 1083 568 δὲ
1111 534 1206 577 τοῖς
1234 529 1434 582 γονεῦσιν
1465 525 1634 583 ἑκάστῳ
1655 525 1732 570 τὸν
1751 526 1868 571 ἰ’διον

206 587 446 635 ἀπέδωκεν.
512 592 586 634 καὶ
625 590 764 642 οὕτως
801 591 881 646 μὲν
917 588 1129 651 Ἰωνάθης
1174 593 1218 636 ἐν
1251 591 1569 649 Ἱεροσολύμοις
1612 593 1691 651 τὴν
1733 593 1870 653 μονὴν

204 659 400 703 ἐποιεῖτο
431 659 636 711 καινίζων
665 658 720 701 τὰ
750 658 861 702 κατὰ
891 658 969 716 τὴν
1000 660 1133 704 πόλιν
1170 663 1244 705 καὶ
1283 661 1399 716 πρὸς
1435 661 1514 720 τὴν
1547 657 1681 705 ozi-zo&
1708 662 1870 721 βούλη-

203 743 274 770 σιν
313 725 646 778 κατασκευάζων
687 725 881 770 ἕκαστον.
950 726 1147 772 ἐκέλευσε
1189 728 1272 785 γὰρ
1312 729 1663 788 οἰκοδομηθῆναι
1701 732 1774 774 καὶ
1813 729 1870 773 τὰ

201 799 319 852 τείχη
350 797 428 853 τῆς
459 794 635 845 πόλεως
664 793 709 837 ἐκ
740 796 885 838 λίθων
914 792 1210 852 τετραγώνων,
1251 794 1311 848 ὥς
1350 791 1402 840 ἂν
1440 788 1467 855 ἧ
1507 799 1579 841 καὶ
1620 796 1734 852 πρὸς
1767 797 1871 849 τοὺς

202 863 427 917 πολέμους
458 858 782 920 ἀσφαλέστερα.
840 865 980 906 ταῦτα
1012 859 1052 906 δ)
1087 861 1276 919 ὁρῶντες
1316 865 1358 908 οἱ
1398 867 1485 909 τιῦν
1525 869 1751 922 φρουρίων
1781 868 1870 909 τῶν

203 929 247 973 ἐν
277 932 331 988 τῇ
357 926 549 988 Ἰουδαίᾳ
579 930 769 988 φύλακες
800 931 1054 982 ἐκλιπόντες
1086 927 1197 974 αὐτὰ
1228 932 1394 983 πάντες
1427 933 1586 990 ἔφυγον
1616 933 1679 984 εἷς
1698 929 1870 977 Ἀντιό-

197 1015 322 1052 χειαν
362 998 508 1054 πάρεξ
543 1001 630 1041 τῶν
670 998 714 1042 ἐν
744 999 1013 1056 Βαιθσούρᾳ
1052 999 1185 1042 πόλει
1222 1001 1295 1042 καὶ
1335 1002 1423 1042 τῶν
1463 999 1508 1042 ἓν
1546 1002 1600 1057 τῇ
1640 997 1752 1058 ἄκρᾳ
1780 1003 1870 1044 τῶν

195 1063 529 1122 Ἱεροσολύμων·
570 1062 693 1110 οὗτοι
730 1066 812 1122 γὰρ
852 1063 877 1122 ἡ
913 1068 1083 1109 πλείων
1112 1075 1248 1122 μοῖρα
1278 1069 1364 1110 τῶν
1397 1062 1568 1122 ἀσεβῶν
1596 1069 1670 1111 καὶ
1701 1084 1870 1126 πεφευ-

199 1134 340 1190 γότων
365 1130 590 1178 Ἰουδαίων
622 1125 733 1190 ἦσαν
762 1136 835 1177 καὶ
867 1133 941 1176 διὰ
972 1136 1102 1176 τοῦτο
1133 1132 1214 1184 τὰς
1245 1133 1444 1191 φρουρὰς
1464 1133 1541 1178 σι’-κ
1568 1134 1869 1191 ἐγκατέλιπον.

314 1206 353 1246 2.
386 1207 426 1245 Γ
424 1201 524 1252 νοῦς
563 1201 610 1244 δὲ
640 1199 662 1244 ὁ
694 1200 982 1257 Ἀλέξανδρος
1018 1201 1099 1252 τάς
1136 1218 1185 1245 τε
1214 1199 1495 1256 ὑποσχέσεις,
1537 1201 1589 1253 ἃς
1628 1202 1869 1261 ἐποιήσατο

199 1270 457 1328 Δημήτριος
501 1269 616 1325 πρὸς
648 1266 887 1327 Ἰωνάθην,
929 1271 1001 1313 καὶ
1047 1269 1126 1326 τὴν
1172 1265 1379 1323 ἀνδρείαν
1425 1266 1558 1314 αὐτοῦ
1603 1272 1675 1314 καὶ
1719 1268 1871 1314 ὁπόσα

201 1337 405 1395 διέθηκεν
443 1338 650 1391 πολεμῶν
687 1336 791 1387 τοὺς
821 1337 1089 1388 ,Μακεδόνας
1124 1338 1198 1380 καὶ
1239 1338 1376 1382 πάλιν
1409 1337 1482 1382 οἷα
1512 1337 1761 1390 πεπονθώς
1792 1335 1869 1382 αὗ-

199 1405 275 1456 τός
314 1406 381 1463 εἴη
420 1403 508 1448 ὑπὸ
541 1409 800 1464 Δημητρίου
840 1407 913 1449 καὶ
944 1405 1164 1459 Βακχίδου
1203 1407 1282 1448 τοῦ
1310 1410 1569 1463 Δημητρίου
1609 1409 1868 1465 στρατηγοῦ,

201 1473 428 1528 σύμμαχον
459 1469 536 1516 οὐκ
567 1466 619 1516 ἂν
652 1471 792 1530 ε’ὗρεῖν
819 1469 1032 1517 Ἰωνάθου
1065 1469 1232 1528 ἆμείνω
1263 1473 1379 1529 πρὸς
1409 1473 1512 1525 τοὺς
1536 1476 1694 1532 φίλους
1725 1474 1869 1530 ἔλεγεν

201 1541 245 1584 ἐν
275 1544 339 1597 τῷ
369 1541 564 1597 παρόντι
593 1543 756 1598 καιρῷ,
789 1540 839 1592 ὃς
868 1543 941 1585 καὶ
972 1540 1087 1598 πρὸς
1116 1540 1220 1593 τοὺς
1250 1544 1473 1597 πολέμους
1504 1541 1623 1586 ἐστὶν
1655 1538 1867 1599 ἀνδρεῖος,

1902 942 1938 976 10

1901 1280 1938 1314 15

199 1611 273 1652 καὶ
303 1619 434 1665 μῖσος
473 1609 632 1653 οἰκεῖον
665 1610 751 1663 ἔχει
787 1609 902 1664 πρὸς
931 1609 1188 1667 Δημήτριον
1219 1608 1366 1653 πολλὰ
1399 1609 1646 1661 πεπονθώς
1676 1606 1756 1653 ὑπ1
1791 1606 1870 1654 αὗ-
1899 1621 1937 1655 20

199 1680 278 1720 τοῦ
315 1677 426 1720 κακὰ
470 1680 543 1721 καὶ
583 1677 855 1735 πεποιηκώς.
925 1677 963 1720 εἰ
1005 1679 1239 1733 τοιγαροῦν
1285 1678 1403 1721 δοκεῖ
1449 1679 1582 1735 φίλον
1626 1681 1868 1722 ποιεῖσθαι

202 1742 335 1790 αὐτὸν
364 1745 475 1789 κατὰ
506 1749 777 1803 Δημητρίου,
809 1747 883 1787 νῦν
914 1744 1033 1788 ἔστιν
1065 1741 1140 1789 οὐκ
1171 1743 1328 1789 ἄλλοτε
1357 1745 1688 1803 χρησιμώτερον
1718 1763 1868 1801 παρα-

199 1816 346 1858 καλεῖν
378 1811 510 1857 αὐτὸν
543 1813 618 1857 ἐπὶ
650 1813 728 1871 τὴν
760 1816 1055 1867 συμμαχίαν.“
1115 1812 1247 1863 δόξαν
1270 1804 1345 1856 οὖν
1367 1809 1486 1869 αύτῷ
1507 1815 1578 1856 καὶ
1600 1823 1694 1865 τοῖς
1714 1816 1867 1872 φίλοις

200 1886 396 1936 πέμπειν
427 1881 542 1937 πρὸς
570 1877 880 1939 τὸνἸωνάθην
909 1881 1072 1938 γράφει
1099 1880 1306 1938 τοιαύτην
1337 1880 1596 1939 ἐπιστολήν·
1627 1882 1865 1936 ,βασιλεὺς

197 1946 484 2006 Ἀλέξανδρος
517 1946 706 2006 Ἰωνάθῃ
743 1951 808 2005 τῷ
849 1945 1030 2006 ἀδελφῷ
1064 1953 1247 2005 χαίρειν.
1313 1948 1391 2005 τὴν
1429 1949 1508 2003 μὲν
1551 1945 1756 2006 ἀνδρείαν
1788 1965 1866 1994 σου

313 2076 332 2114 ξ
359 2077 401 2108 40
426 2092 471 2104 =
498 2077 526 2108 1.
544 2074 710 2109 Maccab.
735 2074 769 2108 X
796 2078 826 2109 S.

310 2187 594 2222 PFLAMVWE
605 2187 675 2221 Lat
686 2187 845 2222 Zonaras
871 2187 886 2220 I
910 2198 944 2232 p.
973 2190 1049 2221 377.

311 2248 330 2279 2
357 2245 392 2281 οἳ
416 2243 469 2286 ἐκ]
495 2243 538 2280 ἐκ
561 2244 737 2279 PFLVW
761 2246 824 2279 καὶ
851 2242 885 2279 οἱ
910 2241 952 2279 ἐκ
976 2243 1007 2277 Ε
1078 2242 1210 2278 *λειαν
1234 2241 1261 2276 Ρ
1340 2244 1358 2276 3
1385 2239 1722 2288 *ε’πιτετραφότοσ
1744 2243 1867 2279 AMW

311 2301 516 2346 στρατείαν
541 2301 573 2335 Ε
688 2305 708 2335 4
733 2297 782 2336 *ὃ
809 2321 851 2325 -
878 2304 896 2335 5
923 2296 1118 2335 α’πὲδωκεν
1141 2309 1208 2334 om.
1234 2298 1274 2333 M
1390 2303 1408 2334 5
1436 2292 1536 2335 οὕτω
1561 2299 1593 2334 Ε
1710 2303 1728 2334 ἵ
1753 2313 1866 2336 κατα-

199 2354 384 2402 σκευάζον
407 2357 435 2392 F
530 2360 549 2393 8
574 2359 637 2394 καὶ
662 2369 731 2393 om.
756 2357 1011 2392 FLAMVWE
1104 2360 1123 2391 9
1148 2357 1356 2400 πολεμίουσ
1381 2356 1569 2391 LAMWE
1581 2356 1652 2391 Lat
1743 2352 1865 2402 ἀσφα-

197 2414 378 2460 λέστερον
401 2415 557 2450 AMWE
582 2414 664 2450 fort.
690 2418 787 2450 recte
878 2414 916 2450 δὲ
940 2413 1096 2448 AMWE
1193 2416 1232 2447 10
1257 2412 1350 2455 *εἰς]
1377 2410 1433 2448 sio
1458 2409 1524 2458 τὴν
1547 2412 1621 2447 AM
1717 2416 1754 2448 11
1782 2416 1864 2459 βαι·

197 2474 342 2516 θεοῦρα
369 2471 395 2506 P
419 2469 616 2518 βεθσούρα
642 2475 672 2513 (ε
697 2482 741 2506 ex
766 2485 803 2507 αι
829 2481 920 2506 corr.
946 2470 991 2511 Α)
1015 2470 1188 2505 LAMVE
1213 2469 1362 2504 bessum
1387 2471 1450 2503 aut
1474 2468 1645 2504 bethsura
1669 2469 1740 2504 Lat
1823 2467 1865 2505 ἐν

197 2537 264 2561 om.
291 2528 353 2563 Fv
497 2532 535 2562 12
559 2526 592 2574 ἡ]
620 2527 656 2564 οὶ
680 2528 759 2562 FL¹
898 2530 1031 2563 πλεῖον
1055 2526 1102 2560 L¹
1239 2525 1419 2562 ἰουὸαίωι·
1450 2528 1513 2562 καὶ
1546 2522 1795 2572 πεφευγότων
1818 2529 1863 2561 tr.

196 2582 449 2619 FLAMVWE
526 2588 563 2619 13
589 2582 656 2628 τὰς
680 2596 749 2621 om.
775 2584 821 2618 W
897 2583 1166 2630 ἐγκατέλειπον
1190 2582 1249 2616 PF
1326 2586 1362 2617 14
1388 2583 1409 2618 i.
1437 2592 1546 2626 marg.
1572 2579 1607 2618 ε’
1633 2582 1662 2616 L
1698 2582 1728 2612 V
1750 2582 1820 2616 Lat

199 2636 220 2675 ὁ
246 2651 312 2674 om.
339 2640 486 2675 FAVW
589 2646 629 2676 15
654 2644 729 2683 καὶ]
755 2643 818 2677 καὶ
843 2638 954 2677 εἰδώσ
978 2640 1007 2675 L
1031 2642 1095 2675 καὶ
1119 2636 1229 2675 εἰὸὼσ
1253 2641 1315 2675 καὶ
1333 2638 1454 2674 AMW
1531 2633 1690 2684 α’νδρίαν
1705 2638 1818 2672 LAW

202 2700 239 2730 17
267 2700 481 2745 Διῃιητριόι·
506 2709 574 2734 om.
600 2698 631 2733 V
735 2695 850 2734 αι’-τοῦ
874 2701 956 2742 post
981 2698 1194 2743 στρατηγοῦ
1219 2696 1298 2731 add.
1325 2695 1357 2729 V
1468 2698 1506 2730 13
1533 2692 1703 2740 ἰωνάθην
1728 2694 1773 2727 W

198 2752 321 2797 ιῖμίνω
348 2754 374 2787 P
495 2759 534 2790 19
559 2754 600 2791 ἐν
624 2766 692 2790 om.
719 2755 747 2789 P
879 2754 1081 2798 πολέμους]
1105 2753 1316 2796 πολεμίουσ
1339 2752 1371 2787 V
1398 2751 1517 2786 hostes
1540 2751 1610 2786 Lat
1726 2754 1768 2785 20
1794 2746 1863 2787 ὑπ’

195 2809 219 2843 i.
238 2820 346 2851 marg.
365 2811 482 2855 suppl.
509 2812 541 2847 V
649 2815 686 2846 21
716 2808 943 2857 πεποιηκώς.
977 2812 1021 2853 εἰ]
1047 2806 1266 2856 πεποιηκὼσ
1292 2807 1347 2855 εἴη
1371 2808 1523 2843 LAMW
1633 2811 1748 2848 δοκεῖ]
1773 2809 1865 2852 δοκῆ

197 2865 225 2899 Ρ
252 2867 286 2902 εἰ
307 2870 411 2903 ὸοκεῐ
435 2868 588 2902 LAMW
660 2872 902 2903 πεποιεῐσῧαι
930 2868 957 2902 Ρ
1029 2864 1147 2904 αὑτὸν
1170 2870 1363 2903 ποιεῖσθαι
1390 2870 1434 2900 tr.
1452 2865 1573 2899 AMW
1645 2868 1687 2899 22
1713 2862 1863 2906 ἅλλοτεΙ

198 2920 290 2958 ἄλλο
317 2936 348 2957 τι
379 2923 532 2959 Dindorf
621 2921 643 2970 ij
666 2926 748 2969 post
770 2921 1059 2971 χρησιμώτερον
1082 2924 1164 2959 add.
1190 2923 1346 2958 Dindort'
1453 2924 1493 2954 23
1521 2917 1614 2957 αύτὸ
1642 2921 1688 2956 W
1782 2915 1862 2963 οὖν]

198 2979 234 3015 dg
261 2978 412 3012 LAMW
507 2986 587 3022 τοῖς
612 2991 678 3015 om.
705 2980 826 3015 AMW
921 2983 962 3015 25
988 2977 1174 3025 *α’νὸρίαν
1197 2979 1261 3013 LA
