2029 3392
576 225 737 271 ANTIQ.
763 225 859 261 IUD.
886 225 970 260 XIV
996 228 1128 260 εὔει-60
1152 228 1209 266 (ιν.
1227 232 1253 257 ι.
1270 228 1302 266 2)
1690 223 1770 260 ‘249

116 341 229 398 πρὸς
251 340 505 399 Πομπήιον,
536 341 607 384 καὶ
638 338 836 397 χρήματά
868 354 912 380 τε
947 337 1096 388 διδοῖ-,ς
1126 339 1195 380 καὶ
1228 347 1322 388 τοῖς
1345 334 1663 392 Ἰεροσολύμοις
1695 332 1771 379 αι’·-

115 410 192 453 τὸν
224 405 524 463 εἰσδεχόμενος
554 406 794 463 παρεκάλει
827 406 1095 449 παύσασθαι
1127 408 1203 448 τοῦ
1230 406 1424 459 πολέμου
1456 406 1526 446 καὶ
1560 403 1772 458 πράττειν

115 472 215 532 μετ’
253 476 424 533 εἰρήνης
453 470 478 518 ὅ
508 492 550 518 τι
580 474 801 530 βούλεται.
863 472 1070 528 συγγνοὺς
1111 474 1156 515 δὲ
1188 470 1209 515 ὁ
1245 471 1485 530 Πομπήιος
1526 469 1644 527 αὐτῷ
1676 471 1771 514 δεο-

113 548 231 602 μένῳ
263 547 430 598 πέμπει
459 546 661 596 Γαβίνιον
691 542 761 583 καὶ
796 541 1070 595 στρατιώτας
1101 539 1178 583 ἐπί
1208 557 1255 582 τε·
1285 539 1340 582 τά
1360 539 1562 596 χρήματα
1592 541 1663 581 καὶ
1695 538 1772 595 τῂν

1094 604 1102 618 ›
1118 609 1125 615 .
1145 609 1152 615 .
1169 604 1178 618 ‚

111 681 189 736 τῆς
218 695 264 722 τε
294 678 469 730 πόλεως
499 673 818 727 ἀποκλεισθεὶς
848 678 918 718 καὶ
950 675 1004 718 τὰ
1034 676 1235 732 χρήματα
1264 674 1318 731 gu]
1357 674 1515 730 λαβών,
1547 677 1633 716 τιῦν
1656 670 1773 729 Ἀρι-

113 745 350 802 στοβούλου
382 747 664 800 στρατιωτῶν
696 740 771 787 οἰκ
803 743 1141 798 ἐπιτρεψάντων
1176 742 1231 784 τὰ
1263 747 1519 798 συγκείμενα
1549 744 1774 798 γενέσθαι.

111 810 215 870 ὀργὴ
249 809 290 856 δ’
325 811 398 856 ἐπὶ
431 812 603 863 τούτοις
625 811 868 870 Πομπήιον
900 806 1127 866 λαμβάνει,
1158 812 1228 852 καὶ
1262 809 1339 853 τὸν
1359 807 1699 864 Ἀριστόβουλον
1731 807 1775 851 ἐν

111 883 283 939 φυλακῇ
304 879 582 936 καταστήσας
603 876 736 930 αὐτὸς
758 879 831 922 ἐπὶ
858 877 936 935 τὴν
959 879 1092 921 πόλιν
1116 877 1286 932 ἔρχεται
1316 876 1370 919 τὰ
1393 877 1471 930 μὲν
1495 874 1605 919 ἄλλα
1626 876 1774 919 πάντα

44 957 81 991 10
111 938 246 992 οὖσαν
276 944 448 1003 ὀχυράν,
485 947 606 1003 μόνῳ
639 948 685 991 δὲ
715 949 778 1003 τῷ
799 950 961 1003 βορείῳ
992 949 1116 1001 μέρει
1148 945 1330 1002 φαύλως
1361 944 1563 998 ἔχουσαν·
1597 947 1774 998 περιέρ-

45 1296 80 1329 15

108 1031 232 1069 χεται
261 1015 343 1072 γὰρ
366 1011 499 1073 αὐτὴν
522 1015 697 1071 φάραγξ
717 1011 862 1069 εὐρεῖά
893 1030 941 1056 τε
961 1016 1033 1056 καὶ
1059 1018 1228 1068 βαθεῖα
1250 1012 1372 1063 ἐντὸς
1395 1012 1776 1066 ἀπολαμβάνουσα

111 1082 161 1126 τὸ
196 1082 314 1139 ἱερὸν
345 1084 508 1139 λιθίνῳ
540 1083 765 1139 περιβόλῳ
796 1084 1017 1136 καρτερῶς
1047 1082 1165 1124 πάνυ
1195 1084 1528 1135 τετειχισμένον.

225 1153 264 1193 2.
299 1141 376 1194 Ἦν
408 1151 455 1194 δὲ·
486 1153 572 1194 τιῦν
604 1147 860 1205 ἀνθρώπιον
891 1149 1015 1193 ἐ’νδον
1046 1149 1201 1200 στάσις
1232 1145 1307 1203 οὐχ
1338 1147 1642 1203 ὁμονοούντων
1671 1148 1773 1200 περὶ

111 1220 199 1261 τιῦν
231 1217 501 1270 ἐνεστώτων,
543 1214 655 1261 ἀλλὰ
686 1227 780 1269 τοῖς
817 1218 896 1272 μὲν
929 1216 1069 1260 ἐδόκει
1108 1216 1409 1272 παραδιδόναι
1440 1219 1667 1272 Πομπηίῳ
1698 1213 1776 1271 τὴν

114 1286 260 1332 πόλιν.
294 1286 336 1328 οἱ
369 1287 415 1329 δὲ
445 1285 500 1328 τά
522 1283 862 1341 Ἀριστοβούλου
895 1287 1159 1342 φρονοῦντες
1191 1280 1444 1328 ἀποκλείειν
1475 1299 1522 1325 τε
1541 1284 1612 1325 καὶ
1640 1283 1777 1324 πολε-

113 1362 211 1408 μεῖν
234 1353 457 1410 παρῄνουν
487 1356 548 1408 τῷ
571 1350 768 1396 κάκεῖνον
793 1352 977 1406 ἔχεσθαι
999 1353 1240 1406 δεδεμένον.
1294 1351 1555 1409 φθάσαντες
1586 1350 1630 1393 δὲ
1654 1345 1775 1392 οὗτοι

112 1419 162 1464 τὸ
207 1419 325 1477 ἱερὸν
365 1420 754 1475 καταλαμβάνουσι
794 1422 865 1463 καὶ
906 1420 985 1475 τὴν
1023 1424 1252 1463 τείνουσαν
1292 1415 1376 1462 ἀπ’
1413 1416 1546 1461 αὐτοῦ
1583 1421 1776 1475 γέφυραν

115 1488 177 1539 εἷς
211 1488 290 1544 τὴν
321 1488 453 1532 πόλιν
493 1487 555 1538 εἰς
587 1489 848 1542 πολιορκίαν
880 1484 1249 1542 εὐτρεπιζόμενοι.
1321 1487 1361 1530 οἱ
1394 1487 1440 1529 δὲ
1472 1486 1613 1541 ἕτεροι
1651 1485 1777 1536 δεξά-

113 1573 238 1610 μενοι
268 1556 346 1614 τὴν
379 1555 589 1610 στρατιάν
621 1555 886 1610 ἐνεχείρισαν
911 1559 1139 1621 Πρμπηίῳ
1169 1554 1247 1611 τήν
1276 1571 1324 1597 τε
1344 1554 1478 1597 πόλιν
1508 1555 1581 1596 καὶ
1610 1551 1665 1595 τὰ
1696 1556 1778 1608 βα-

115 1625 273 1667 σίλεια.
320 1623 560 1681 Πομπήιος
582 1623 629 1666 δὲ
650 1627 861 1666 Πείσωνα
881 1623 959 1666 τὸν
979 1621 1315 1680 ὑποστράτηγον
1336 1625 1524 1677 πέμψεις
1546 1620 1623 1664 σὺν
1646 1636 1778 1677 στρα-

115 1694 188 1749 τιᾷ
218 1691 296 1748 τήν
325 1708 373 1733 τε
394 1690 528 1734 πόλιν
558 1693 631 1734 καὶ
650 1689 705 1732 τὰ
725 1691 934 1745 βασίλεια
965 1690 1172 1747 ἐφρούρει
1201 1692 1274 1733 καὶ
1299 1689 1379 1740 τὰς
1402 1689 1544 1739 οἰκίας
1563 1688 1643 1739 τὰς
1665 1687 1779 1743 πρὸς

113 1760 177 1814 τῴ
210 1759 313 1814 ἱερῷ
343 1760 413 1801 καὶ
447 1753 531 1801 ὅσα
562 1749 614 1815 ἦν
645 1757 727 1808 ἔξω
760 1759 863 1813 περὶ
893 1758 942 1800 τὸ
978 1758 1095 1813 ἱερὸν
1127 1754 1308 1813 ὠχύρου.
1358 1758 1431 1800 καὶ
1462 1755 1511 1799 τὸ
1544 1756 1622 1810 μὲν
1654 1757 1778 1811 πριῦ-

113 1843 189 1869 τον
221 1826 374 1882 λόγους
406 1829 730 1883 συμβατηρίους
759 1834 854 1875 τοῖς
885 1824 1008 1876 ἐντὸς
1038 1828 1328 1882 προσέφερεν,
1362 1819 1436 1878 οὐχ
1465 1821 1779 1866 ὑπακουόντων

116 1893 162 1937 δὲ
194 1893 256 1945 εἰς
289 1893 316 1937 ἃ
346 1895 636 1948 προεκαλεῖτο
668 1893 724 1936 τὰ
757 1893 890 1948 πέριξ
919 1893 1098 1947 ἐτείχιζε
1124 1896 1266 1948 χωρία
1288 1890 1402 1947 πρὸς
1435 1886 1779 1944 ἃπανταὙρκα-

114 1963 190 2005 νοῦ
210 1961 460 2017 προθύμως
484 1959 820 2017 ὑπηρετοῦντος.
871 1960 1114 2018 Πομπήιος
1146 1960 1191 2003 δὲ
1215 1959 1357 2003 ἕωθεν
1379 1957 1778 2013 στρατοπεδεύεται

228 2119 246 2162 5
271 2122 313 2153 55
341 2137 378 2148 ζ
409 2118 488 2152 ben.
514 2116 592 2152 Iud.
619 2116 635 2151 1
664 2119 738 2151 139.

229 2253 592 2288 PFLAMVWELat
604 2252 765 2288 Zonaras
789 2253 805 2286 I
829 2263 864 2297 p.
890 2255 969 2288 401.
1390 2288 1399 2296 ,

230 2313 247 2346 1
272 2306 497 2355 *πομπήϊοσ
513 2308 560 2343 V¹
628 2321 670 2344 τε
687 2319 756 2344 om.
774 2308 1028 2343 FLAMVWE
1099 2305 1254 2345 *αὐτῶν
1276 2307 1307 2341 L
1378 2309 1396 2341 3
1423 2303 1613 2352 *συγνοὺσ
1630 2306 1658 2340 Ρ
1678 2322 1682 2325 ·
1729 2306 1780 2347 δὲ]

117 2359 185 2403 οὖν
201 2366 234 2401 Ε
251 2363 292 2412 δὴ
310 2365 523 2400 Gutschmm
593 2360 613 2400 ὃ
632 2375 700 2399 om.
718 2364 972 2400 FLAMVWE
1041 2367 1062 2398 4
1085 2362 1270 2411 γαβήνιον
1283 2363 1399 2398 A¹VE
1417 2364 1588 2409 ταβινιον
1605 2362 1632 2396 Ρ
1649 2363 1779 2409 γαβιν-

118 2435 198 2458 νιον
221 2421 251 2456 F
323 2419 558 2469 στρατιώτην
581 2421 614 2455 Ε
700 2422 719 2453 5
743 2417 930 2466 γαβήνιοσ
952 2421 1068 2456 VWE
1153 2423 1173 2455 6
1198 2422 1267 2457 *τε
1291 2430 1358 2455 om.
1377 2420 1409 2454 V
1487 2422 1504 2452 ’ἵ
1531 2420 1780 2454 *στασιωτῶν

119 2478 199 2514 coni
290 2481 427 2524 *συγκ-
443 2478 585 2522 είμενιι,
609 2486 700 2511 eras.
727 2476 799 2511 uid.
824 2479 845 2512 λ
868 2479 901 2511 Α
993 2479 1012 2512 8
1037 2472 1172 2524 *ὀργὴ]
1197 2478 1219 2512 i.
1245 2486 1354 2520 marg.
1380 2472 1422 2511 θ’
1449 2474 1510 2509 FL
1546 2473 1647 2509 VIII
1665 2474 1735 2508 Lat

118 2529 196 2576 *6²1
213 2547 254 2571 τε
271 2534 455 2569 FLAMW
526 2536 546 2569 9
564 2533 664 2575 *μὲν]
683 2529 720 2569 δ’
737 2533 764 2567 P
838 2536 877 2568 13
896 2529 1033 2570 *ἔνδον
1049 2544 1116 2568 om.
1133 2529 1164 2567 F
1237 2536 1278 2568 14
1295 2532 1361 2569 *δὲ
1377 2527 1688 2577 τ’άριστοβούλου
1704 2530 1734 2564 F

122 2593 161 2626 15
185 2587 259 2628 *τὰ
284 2601 353 2627 om.
378 2590 426 2625 W
531 2592 570 2624 16
595 2590 831 2635 *παρείνουν
855 2599 899 2624 ex
923 2600 1013 2624 corr.
1039 2590 1070 2623 L
1184 2592 1240 2638 τῷ
1264 2599 1331 2624 om.
1358 2588 1497 2622 PELat
1590 2589 1631 2622 18
1655 2585 1779 2629 πόλιν]

119 2646 258 2682 PELat
281 2645 394 2684 πόλιν
417 2643 566 2692 ἔκοψαν
588 2645 810 2680 FLAMVW
835 2656 879 2680 ex
903 2645 983 2680 bell.
1008 2646 1086 2680 Iud.
1111 2646 1132 2690 ξ
1160 2648 1220 2681 143
1341 2644 1619 2690 *πολιορκείαν
1642 2644 1690 2678 W

119 2697 340 2751 ηύτρέπιζον
363 2703 396 2738 Ε
478 2702 542 2738 *οἱ
567 2713 635 2738 om.
661 2702 689 2736 P
784 2704 823 2737 19
849 2700 1120 2748 *ἐνεχείρησαν
1146 2701 1191 2735 W
1282 2713 1323 2737 τε
1348 2711 1416 2735 om.
1442 2700 1504 2734 PE
1590 2703 1632 2734 20
1656 2702 1780 2744 *Πομ-

120 2754 230 2804 πήιος
253 2778 296 2784 -
322 2761 361 2794 21
389 2760 565 2804 βασίλεια
590 2768 659 2794 om.
683 2758 713 2792 F
829 2759 1008 2794 *πίσωνα
1032 2757 1060 2791 Ρ
1168 2758 1364 2793 *Πείσωνα
1390 2753 1472 2798 τὸν]
1498 2757 1639 2792 πείσων
1664 2752 1781 2793 αὐτοῦ

119 2813 167 2848 W
250 2816 291 2849 21
318 2814 465 2852 οἰκείασ
488 2815 517 2850 Ρ
610 2818 652 2850 22
677 2816 732 2863 τῷ
755 2813 858 2862 ἱερῷ]
883 2811 928 2850 τὸ
955 2809 1059 2858 ἱερὸν
1082 2813 1148 2848 LV
1242 2808 1383 2859 όχύρου
1405 2812 1552 2847 P¹A¹W
1633 2814 1675 2847 23
1701 2819 1782 2856 τοῖς

120 2865 241 2912 ἐντὸς]
266 2876 350 2906 τοῖσ
374 2869 415 2907 ἐν
438 2873 494 2907 τῶ
518 2870 608 2918 ἳερῶ
632 2870 666 2906 Ε
689 2871 726 2904 in
754 2870 885 2916 templo
910 2869 1090 2904 conclusis
1111 2869 1183 2903 Lat
1252 2870 1294 2902 24
1319 2871 1583 2914 προεκαλεῖτο]
1607 2868 1641 2903 Ε
1665 2882 1782 2916 προσ-

121 2928 294 2962 εκαλεῖτο
320 2927 422 2962 codd.
449 2927 482 2962 E
566 2925 749 2973 *ἐτείχισε
775 2926 804 2960 F
807 2925 995 2961 LAMVW
1089 2927 1130 2960 25
1156 2922 1279 2961 ἔωθεν
1302 2924 1330 2959 Ρ
1356 2922 1502 2961 ἔσωθεν
1526 2923 1782 2961 FLAMVWE

120 2992 226 3017 mane
248 2981 318 3016 Lat

1806 609 1857 648 56

1807 813 1858 851 57

1808 1151 1861 1191 58

1811 1487 1863 1528 59

1810 1759 1865 1800 60
