2107 3377
161 416 242 456 428

160 755 241 795 429

156 1093 238 1134 430

274 163 355 200 232
707 162 867 208 ANTIQ.
891 162 990 199 IUD.
1015 164 1103 199 XIII
1126 166 1305 200 427—432
1330 167 1412 209 (xm.
1429 171 1456 199 5.
1474 170 1504 209 6)

274 277 321 320 δὲ
352 276 615 332 νομίζοντες,
647 275 685 320 εἰ
716 275 767 334 δὴ
800 276 1055 332 ξυλλάβοιεν
1088 272 1217 334 αύτῷ,
1248 281 1336 320 τιῦν
1356 278 1414 335 μὴ
1446 279 1826 336 προσδοκωμένων
1859 275 1934 334 οὗχ

273 341 411 403 ἧσσον
440 343 766 401 καρπώσεσθαι
796 343 874 402 τὴν
893 345 1126 399 βασιλείαν
1156 343 1216 397 ὡς
1248 342 1371 389 αὐτοὶ
1402 349 1478 389 τοῦ
1508 349 1724 405 κρατῆσαι
1752 346 1934 404 πρόφα-

276 428 345 463 σις
383 416 655 470 γενηθέντες.
728 414 815 455 τῶν
855 412 902 454 δὲ
934 407 1160 457 Ἰουδαίων
1206 415 1249 458 οἱ
1289 413 1583 470 πρεσβύτεροι
1621 416 1695 457 καὶ
1728 411 1935 471 Ὑρκανὸς

274 479 460 537 ἐσῄεσαν
499 477 560 530 ὦς
589 479 668 536 τὴν
695 481 964 535 βασίλισσαν
1001 482 1075 524 καὶ
1107 481 1280 525 ἐδέοντο
1318 479 1587 525 ὑποθέσθαι
1624 481 1800 539 γνώμην
1829 483 1934 537 περὶ

272 550 360 591 τῶν
401 547 672 591 ἐνεστώτων·
711 547 789 591 τὸν
826 547 909 605 γὰρ
948 544 1282 605 Ἀριστόβουλον
1318 552 1406 592 τῶν
1446 549 1626 592 πάντων
1659 548 1812 603 σχεδὸν
1850 546 1933 608 ἤδη

271 615 506 672 κυριεύειν,
543 612 682 659 ὁπότε
709 620 883 672 χωρίων
912 613 1134 660 τοσούτων
1163 613 1438 675 κρατήσειεν·
1480 614 1650 661 ἄτοπον
1682 617 1749 670 δέ,
1792 616 1832 660 εἰ
1860 619 1934 660 καὶ

271 681 327 725 τὰ
353 682 548 737 μάλιστα
578 683 750 738 κάμνοι,
781 684 1022 743 περιούσης
1053 680 1184 743 αὐτῆς
1213 684 1324 728 κατὰ
1357 687 1475 742 σφᾶς
1503 684 1821 740 βουλεύεσθαι·
1852 701 1936 728 πε-

274 750 505 805 ριεστάναι
545 751 592 793 δὲ
630 750 707 794 τὸν
743 752 943 795 κίνδυνον
983 748 1032 796 οὗ
1075 752 1149 796 διὰ
1187 755 1354 809 μακροῦ
1394 757 1563 811 σφίσιν.
1630 750 1655 811 ἡ
1698 753 1746 796 δὲ
1778 747 1936 804 αὐτοὺς

273 817 471 862 ἐκέλευσε
500 818 715 876 πράττειν
751 814 775 862 ὅ
805 837 849 863 τι
880 821 1057 864 δοκοῦσι
1085 820 1299 878 χρήσιμον
1332 818 1466 864 εἶναι·
1508 820 1681 871 πολλὰς
1713 816 1754 863 δ’
1792 816 1934 878 ἄφορ-

270 885 358 940 μὰς
398 883 549 937 αὐτοῖς
579 887 843 941 λείπεσθαι,
882 887 932 931 τὸ
967 888 1099 938 ἐ’θνος
1135 887 1380 944 ἐρρωμένον
1418 891 1491 932 καὶ
1520 888 1598 946 τὴν
1639 888 1822 943 δύναμιν
1862 889 1937 932 καὶ

270 953 326 996 τὰ
358 953 402 997 έν
422 964 516 1004 τοῖς
544 954 886 1012 γαζοφυλακίοις
914 956 1139 1014 χρήματα·
1171 955 1281 1012 αὐτῇ
1310 957 1389 1010 μὲν
1410 956 1492 1012 γὰρ
1513 955 1669 1012 μικρὸν
1701 956 1766 1000 ἔτι
1786 957 1935 1011 μέλειν

269 1023 358 1064 τιῦν
387 1019 661 1078 πραγμάτων
693 1020 751 1072 ιῦς
783 1016 836 1066 ἂν
869 1020 1194 1074 ὑπολείποντος
1222 1021 1304 1081 ἤδη
1335 1026 1413 1067 τοῦ
1444 1023 1662 1078 σώματος.

384 1093 423 1133 6.
466 1086 603 1133 Ταῦτ’
640 1090 828 1133 εἰποῦσα
858 1090 957 1146 μετ)
992 1087 1041 1133 οὗ
1072 1090 1187 1134 πολὺ
1220 1090 1496 1148 ἐτελεύτησεν
1525 1090 1829 1146 βασιλεύσασα
1860 1091 1932 1148 ἐ’τη

270 1155 413 1210 ἐννέα,
456 1156 511 1199 τὰ
550 1157 597 1201 δὲ
629 1158 865 1212 σύμπαντα
901 1158 1106 1214 βιώσασα
1136 1162 1238 1214 τρία
1271 1161 1346 1202 καὶ
1377 1158 1696 1216 ἑβδομήκοντα,
1736 1157 1840 1217 γυνὴ
1871 1160 1935 1215 τῷ

269 1220 457 1268 ἀσθενεῖ
484 1227 563 1268 τοῦ
593 1225 735 1283 φύλου
764 1221 863 1268 κατ’
890 1222 1017 1269 οῦδὲν
1034 1229 1309 1284 χρησαμένη·
1342 1225 1460 1285 δεινὴ
1492 1225 1574 1283 γὰρ
1607 1226 1670 1277 εἷς
1698 1225 1748 1269 τὸ
1773 1227 1935 1284 φίλαρ-

264 1309 342 1346 χον
383 1292 427 1335 ἓν
466 1302 564 1343 ταῖς
603 1292 800 1348 μάλιστα
838 1297 1046 1351 γενομένη
1087 1293 1308 1352 διήλεγξεν
1346 1294 1489 1351 ἔργοις
1527 1294 1576 1337 τό
1615 1310 1663 1337 τε
1692 1292 1934 1350 πρακτικὸν

266 1362 343 1418 τῆς
374 1359 419 1404 έν
451 1356 561 1418 αὐτῇ
589 1361 763 1419 γνώμης
790 1362 865 1404 καὶ
894 1360 944 1404 τὸ
974 1357 1184 1405 ἀσύνετον
1213 1365 1301 1405 τῶν
1333 1357 1402 1405 ἆεὶ
1434 1358 1688 1406 πταιόντων
1717 1364 1823 1418 περὶ
1853 1361 1935 1413 τὰς

269 1429 528 1479 δυναστείας
559 1425 744 1485 ἀνδρῶν.
793 1428 843 1472 τὸ
866 1429 949 1486 γὰρ
980 1428 1126 1486 παρὸν
1154 1439 1353 1487 κρεῖττον
1384 1426 1570 1480 ἀξιοῦσα
1599 1432 1678 1473 τοῦ
1697 1431 1935 1485 μέλλοντος

267 1498 341 1540 καὶ
363 1495 512 1540 πάντα
543 1497 724 1553 δεύτερα
753 1500 966 1555 τιθεμένη
997 1500 1075 1541 τοῦ
1098 1497 1314 1555 ἐγκρατῶς
1346 1495 1505 1555 ἄρχειν,
1539 1495 1639 1541 οὕτε
1668 1499 1803 1541 καλοῦ
1834 1493 1934 1541 οὔτε

269 1564 441 1608 δικαίου
480 1564 603 1609 ἕνεκα
638 1581 687 1621 γε
723 1564 891 1609 τούτων
935 1565 1247 1623 ἐπεστρέφετο.
1315 1565 1378 1616 εἷς
1412 1568 1516 1622 γοῦν
1554 1568 1683 1609 τοῦτο
1722 1569 1786 1623 τῷ
1825 1566 1932 1622 οἴκῳ

267 1628 448 1687 ἀτυχίας
484 1632 540 1677 τὰ
571 1633 814 1689 πράγματα
851 1636 1160 1691 περιέστησεν,
1202 1629 1321 1677 ὥσθ’
1356 1633 1407 1692 ἢν
1437 1633 1548 1689 μετὰ
1589 1635 1812 1677 πλείστων
1841 1651 1933 1677 κιν-

267 1700 406 1744 δύνων
436 1702 509 1744 καὶ
530 1703 841 1757 ταλαιπωρίας
871 1702 1190 1760 περιεκτήσατο
1220 1702 1479 1746 δυναστείαν
1512 1701 1737 1759 ἐπιθυμίᾳ
1765 1703 1853 1744 τῶν
1873 1700 1931 1758 μὴ

266 1768 580 1826 προσηκόντων
601 1772 771 1825 γυναικὶ
789 1769 966 1825 χρόνοις
995 1765 1045 1813 οὗ
1067 1772 1253 1821 πολλοῖς
1281 1765 1464 1825 «ὕστερον
1488 1765 1807 1827 ἀφαιρεθῆναι,
1838 1777 1933 1820 τοῖς

265 1837 344 1891 μὲν
367 1837 591 1892 δυσμενῶς
611 1837 783 1890 ἔχουσιν
803 1835 918 1893 πρὸς
948 1836 997 1880 τὸ
1019 1841 1143 1894 γένος
1175 1834 1314 1880 αὐτῶν
1343 1837 1421 1895 τὴν
1443 1833 1576 1895 αὐτὴν
1596 1837 1769 1894 γνώμην
1790 1851 1932 1891 προσ-

375 1961 397 2004 §
422 1962 488 1995 430
512 1977 556 1989 =
579 1961 662 1996 ben.
686 1960 765 1996 Iud.
789 1960 807 1995 1
834 1962 909 1995 119.

376 2062 663 2097 PFLAMVWE
675 2062 746 2097 Lat
758 2062 918 2097 Zonaras
942 2063 957 2096 1
982 2074 1017 2107 p.
1045 2065 1121 2098 397.

380 2122 394 2153 1
421 2115 462 2164 δὴ
479 2129 549 2154 om.
568 2118 787 2155 FLAMVW
857 2116 1081 2166 συλλάβοιεν
1096 2117 1250 2152 LAMW
1318 2115 1368 2163 μὴ
1386 2119 1730 2165 προσδοκωμένων]
1747 2117 1797 2165 μὴ
1815 2133 1932 2168 προσ·

265 2175 486 2220 δοκομένων
510 2176 537 2210 Ρ
563 2174 813 2220 ὠκειωμένων
837 2176 910 2210 AM
934 2172 983 2222 μὴ
1009 2174 1361 2223 προσῳκειωμένων
1385 2175 1575 2210 Holwerda
1684 2179 1704 2211 2
1729 2174 1932 2224 καρπώσα-

265 2234 356 2267 σθαι
380 2231 491 2267 PLW
584 2236 603 2266 3
628 2231 877 2278 γεννηθέντεσ
901 2231 932 2266 F
1036 2235 1057 2266 4
1082 2230 1257 2278 εἰσ-ηέσαν
1281 2231 1535 2267 FLAMVWE
1629 2230 1692 2275 ὡς]
1718 2233 1775 2270 εἰσ
1799 2234 1864 2269 FE

265 2291 284 2321 5
309 2288 417 2323 *τῶν
441 2290 538 2330 (ante
555 2286 735 2330 πάντωνΠ
761 2287 831 2324 τὸν
855 2287 884 2322 F
980 2291 997 2322 ’ἶ
1023 2286 1287 2334 βουλεύεσθαι,
1312 2301 1355 2324 εσ
1379 2289 1401 2323 i.
1420 2299 1491 2324 ras.
1509 2289 1549 2323 M
1621 2292 1639 2324 S
1663 2292 1802 2335 μικροῦ
1825 2289 1886 2325 PF

263 2345 370 2390 σφίσι
395 2344 423 2379 Ρ
532 2347 551 2380 9
577 2345 615 2382 δὲ
639 2345 859 2380 FLAMVW
969 2348 1009 2379 1⁰
1036 2340 1168 2382 αὖτοῖσ
1192 2341 1376 2391 α’φορμὲισ
1400 2347 1445 2380 tr.
1472 2346 1503 2380 V
1603 2346 1781 2383 λιπέσθαι
1804 2347 1886 2383 VW

262 2398 472 2448 ἐρρωμένοι
497 2401 526 2436 Ρ
660 2405 696 2437 11
725 2403 1037 2448 γαζοφυλακίοισ,
1061 2403 1075 2436 ι’
1097 2402 1118 2437 i.
1135 2412 1206 2437 ras.
1223 2401 1255 2435 A
1280 2404 1597 2448 γιιζοᾳνλακειόισ
1623 2402 1652 2436 F
1768 2403 1837 2448 μὲν
1861 2414 1931 2439 om.

261 2456 519 2493 FLAMVWE
587 2458 696 2503 μέλοι
719 2458 747 2492 P
771 2458 919 2502 μέλλειν
943 2458 1163 2493 FLAMWE
1258 2461 1296 2492 12
1322 2455 1369 2494 ἄν
1393 2469 1461 2494 om.
1488 2458 1741 2494 FLAMVWE
1812 2456 1930 2497 *ὑπο-

262 2511 448 2550 λιπόντοσ
471 2515 520 2550 W
638 2518 678 2551 13
704 2517 823 2551 ταῦτα
848 2515 955 2550 ΑΜΕ
1075 2518 1115 2549 14
1140 2510 1215 2551 *τὰ
1241 2514 1280 2550 δὲ
1305 2535 1343 2539 -
1373 2509 1634 2561 ἐρ’ὁοιιῇκοντα
1659 2526 1728 2550 om.
1753 2516 1784 2550 L
1877 2519 1933 2561 τῷ

262 2563 420 2606 ιῖσθενεῖ
443 2573 511 2607 τοῦ
537 2569 669 2617 φύλου]
695 2574 751 2607 τῶ
775 2567 933 2608 α’σθενεῑ
955 2574 1024 2608 τοῦ
1041 2569 1185 2618 (pistoru
1203 2571 1229 2605 Ρ
1256 2574 1310 2607 τῶ
1327 2566 1483 2607 ιῖσθενεῐ
1504 2573 1553 2606 τιῦ
1571 2572 1669 2615 φίλω
1687 2571 1717 2605 F
1743 2568 1799 2608 ὥσ
1816 2570 1930 2609 ἀσθε-

262 2622 330 2671 νὴσ
355 2629 408 2662 To]
433 2624 539 2673 φύλω
565 2628 644 2665 (litt.
670 2625 717 2674 ὴσ
742 2641 762 2663 τ
785 2628 809 2663 i.
835 2638 907 2662 ras.
924 2628 958 2661 A
977 2629 1076 2674 φίλω
1094 2628 1155 2669 W)
1181 2627 1334 2662 LAMW
1435 2631 1475 2663 16
1502 2634 1585 2664 τοῖο·
1610 2628 1641 2663 V
1733 2629 1930 2675 γενομένη]

261 2685 501 2728 γενηθείσαισ
525 2684 585 2718 PF
610 2688 812 2731 γενηθεῖσα
836 2685 869 2720 V
978 2682 1210 2730 διήλΙΙλεγξεν
1234 2684 1263 2718 L
1370 2697 1410 2720 τε
1434 2694 1501 2719 om.
1528 2684 1588 2718 PF
1686 2687 1724 2719 17
1750 2680 1932 2727 ιῖξύνετον

260 2738 413 2773 LAMW
478 2736 536 2777 αἐὶ
553 2738 783 2783 πταιόντων]
802 2737 859 2778 αἐὶ
878 2738 1075 2778 πνεόντων
1091 2740 1120 2775 F
1138 2739 1179 2776 ἐν
1196 2735 1288 2786 αὐτῆ
1305 2737 1511 2787 παρόντων
1524 2740 1627 2774 LAM
1694 2744 1732 2775 15
1749 2748 1931 2788 κρεῖσσον

260 2794 414 2830 LAMW
485 2799 525 2831 20
544 2801 598 2844 γε]
618 2811 658 2834 τε
683 2797 710 2831 P
781 2797 845 2840 εἰς]
874 2793 894 2833 ὂ
919 2798 947 2832 Ρ
1034 2795 1157 2834 τούτω
1182 2797 1241 2832 PF
1312 2795 1380 2833 τὸν
1407 2794 1514 2833 οἷκον
1531 2797 1562 2831 V
1634 2801 1670 2831 21
1701 2793 1876 2844 α’τνχιάισ
1900 2799 1929 2834 Ρ

261 2844 377 2893 ὥσθ’]
403 2845 500 2888 ὥστ’
517 2853 545 2887 P
571 2848 669 2891 ὥστε
687 2854 904 2889 FLAMVW
977 2856 1019 2889 22
1044 2855 1329 2901 ταλαιπωρείασ
1352 2854 1382 2888 L
1453 2852 1749 2900 περιεκτήσαντο
1776 2855 1929 2890 LAMW

1014 2897 1021 2908 x

374 2929 423 2976 μή
450 2943 517 2967 om.
546 2933 617 2968 AM
711 2936 755 2968 ‘24
780 2929 906 2979 αὐτὴν]
932 2916 1057 2970 afin'lm
1081 2934 1110 2968 F
1137 2929 1262 2971 αῦτιῦν
1285 2934 1317 2968 V
1410 2938 1600 2979 προθεῖσα
1626 2933 1846 2970 FLAMVW

1965 897 2003 932 10

1966 1239 2003 1273 15
