<?xml version="1.0" encoding="UTF-8"?>
<!DOCTYPE html PUBLIC "-//W3C//DTD XHTML 1.0 Transitional//EN"
    "http://www.w3.org/TR/xhtml1/DTD/xhtml1-transitional.dtd">
<html xmlns="http://www.w3.org/1999/xhtml" xml:lang="en" lang="en">
 <head>
  <title>
</title>
<meta http-equiv="Content-Type" content="text/html;charset=utf-8" />
  <meta name='ocr-system' content='tesseract 3.04.00' />
  <meta name='ocr-capabilities' content='ocr_page ocr_carea ocr_par ocr_line ocrx_word'/>
</head>
<body>
  <div class='ocr_page' id='page_1' title='image "./operajosephus03joseuoft/operajosephus03joseuoft_0335.png"; bbox 0 0 2029 3392; ppageno 0'>
   <div class='ocr_carea' id='block_1_1' title="bbox 79 922 117 955">
    <p class='ocr_par' dir='ltr' id='par_1_1' title="bbox 79 922 117 955">
     <span class='ocr_line' id='line_1_1' title="bbox 79 922 117 955; baseline -0.026 0"><span class='ocrx_word' id='word_1_1' title='bbox 79 922 117 955; x_wconf 86' lang='lat'><strong><em>10</em></strong></span> 
     </span>
    </p>
   </div>
   <div class='ocr_carea' id='block_1_2' title="bbox 79 1259 115 1292">
    <p class='ocr_par' dir='ltr' id='par_1_2' title="bbox 79 1259 115 1292">
     <span class='ocr_line' id='line_1_2' title="bbox 79 1259 115 1292; baseline -0.028 0"><span class='ocrx_word' id='word_1_2' title='bbox 79 1259 115 1292; x_wconf 88' lang='lat'><strong><em>15</em></strong></span> 
     </span>
    </p>
   </div>
   <div class='ocr_carea' id='block_1_3' title="bbox 534 187 1795 234">
    <p class='ocr_par' dir='ltr' id='par_1_3' title="bbox 534 187 1795 234">
     <span class='ocr_line' id='line_1_3' title="bbox 534 187 1795 234; baseline -0.001 -8"><span class='ocrx_word' id='word_1_3' title='bbox 534 189 694 234; x_wconf 78' lang='lat' dir='ltr'><strong>ANTIQ.</strong></span> <span class='ocrx_word' id='word_1_4' title='bbox 720 188 815 224; x_wconf 91' lang='lat' dir='ltr'><strong>IUD.</strong></span> <span class='ocrx_word' id='word_1_5' title='bbox 842 187 926 224; x_wconf 84' lang='lat' dir='ltr'><strong><em>XIV</em></strong></span> <span class='ocrx_word' id='word_1_6' title='bbox 957 192 1127 224; x_wconf 64' lang='lat'>120-131</span> <span class='ocrx_word' id='word_1_7' title='bbox 1154 192 1268 231; x_wconf 71' lang='lat' dir='ltr'>(vn-⁴-</span> <span class='ocrx_word' id='word_1_8' title='bbox 1290 193 1357 220; x_wconf 70' lang='lat' dir='ltr'><strong><em>vm.</em></strong></span> <span class='ocrx_word' id='word_1_9' title='bbox 1377 197 1404 229; x_wconf 74' lang='grc' dir='ltr'><strong><em>ι)</em></strong></span> <span class='ocrx_word' id='word_1_10' title='bbox 1716 189 1795 226; x_wconf 79' lang='grc'><strong><em>263</em></strong></span> 
     </span>
    </p>
   </div>
   <div class='ocr_carea' id='block_1_4' title="bbox 141 300 1816 1983">
    <p class='ocr_par' dir='ltr' id='par_1_4' title="bbox 143 300 1803 634">
     <span class='ocr_line' id='line_1_4' title="bbox 143 300 1799 360; baseline -0.003 -11"><span class='ocrx_word' id='word_1_11' title='bbox 143 302 482 360; x_wconf 70' lang='grc' dir='ltr'><strong><em>Ἀριστοβούλου</em></strong></span> <span class='ocrx_word' id='word_1_12' title='bbox 528 311 710 358; x_wconf 85' lang='grc' dir='ltr'><strong><em>γυναῖκα</em></strong></span> <span class='ocrx_word' id='word_1_13' title='bbox 751 300 970 343; x_wconf 75' lang='grc' dir='ltr'><strong><em>ἐκέλευσεν</em></strong></span> <span class='ocrx_word' id='word_1_14' title='bbox 1020 301 1128 357; x_wconf 71' lang='grc' dir='ltr'><strong><em>αὐτῇ</em></strong></span> <span class='ocrx_word' id='word_1_15' title='bbox 1169 302 1539 344; x_wconf 73' lang='grc' dir='ltr'><strong><em>συναποστέλλειν</em></strong></span> <span class='ocrx_word' id='word_1_16' title='bbox 1589 300 1665 342; x_wconf 77' lang='grc' dir='ltr'><strong><em>τὸν</em></strong></span> <span class='ocrx_word' id='word_1_17' title='bbox 1707 301 1799 344; x_wconf 73' lang='grc' dir='ltr'><strong><em>υἱὸν</em></strong></span> 
     </span>
     <span class='ocr_line' id='line_1_5' title="bbox 143 363 1803 430; baseline -0.004 -13"><span class='ocrx_word' id='word_1_18' title='bbox 143 370 391 430; x_wconf 74' lang='grc' dir='ltr'><strong><em>Ἀντίγονον</em></strong></span> <span class='ocrx_word' id='word_1_19' title='bbox 421 373 490 414; x_wconf 83' lang='grc' dir='ltr'><strong><em>καὶ</em></strong></span> <span class='ocrx_word' id='word_1_20' title='bbox 523 369 601 419; x_wconf 79' lang='grc' dir='ltr'><strong><em>τὰς</em></strong></span> <span class='ocrx_word' id='word_1_21' title='bbox 622 371 882 424; x_wconf 78' lang='grc' dir='ltr'><strong><em>θυγατέρας,</em></strong></span> <span class='ocrx_word' id='word_1_22' title='bbox 914 363 973 410; x_wconf 79' lang='grc' dir='ltr'><strong><em>ιῦν</em></strong></span> <span class='ocrx_word' id='word_1_23' title='bbox 1004 371 1079 426; x_wconf 75' lang='grc' dir='ltr'><strong><em>της</em></strong></span> <span class='ocrx_word' id='word_1_24' title='bbox 1101 368 1252 423; x_wconf 76' lang='grc' dir='ltr'><strong><em>ἑτέρας</em></strong></span> <span class='ocrx_word' id='word_1_25' title='bbox 1283 368 1493 423; x_wconf 75' lang='grc' dir='ltr'><strong><em>ἐρασθεὶς</em></strong></span> <span class='ocrx_word' id='word_1_26' title='bbox 1513 366 1803 423; x_wconf 73' lang='grc' dir='ltr'><strong><em>Ἀλεξάνδρας</em></strong></span> 
     </span>
     <span class='ocr_line' id='line_1_6' title="bbox 146 432 1797 492; baseline -0.003 -9"><span class='ocrx_word' id='word_1_27' title='bbox 146 439 168 483; x_wconf 90' lang='lat' dir='ltr'><strong><em>o‘</em></strong></span> <span class='ocrx_word' id='word_1_28' title='bbox 213 442 478 485; x_wconf 76' lang='grc' dir='ltr'><em>Φιλιππίων</em></span> <span class='ocrx_word' id='word_1_29' title='bbox 517 434 668 492; x_wconf 71' lang='grc' dir='ltr'><strong><em>ἄγεται</em></strong></span> <span class='ocrx_word' id='word_1_30' title='bbox 707 445 901 491; x_wconf 85' lang='grc' dir='ltr'><strong><em>γυναῖκα.</em></strong></span> <span class='ocrx_word' id='word_1_31' title='bbox 975 436 1086 490; x_wconf 79' lang='grc' dir='ltr'><strong><em>μετὰ</em></strong></span> <span class='ocrx_word' id='word_1_32' title='bbox 1126 437 1172 479; x_wconf 78' lang='grc' dir='ltr'><strong><em>δὲ</em></strong></span> <span class='ocrx_word' id='word_1_33' title='bbox 1211 439 1348 478; x_wconf 80' lang='grc' dir='ltr'><strong><em>ταῦτα</em></strong></span> <span class='ocrx_word' id='word_1_34' title='bbox 1398 434 1562 479; x_wconf 77' lang='grc' dir='ltr'><strong><em>ἀνελών</em></strong></span> <span class='ocrx_word' id='word_1_35' title='bbox 1604 432 1737 478; x_wconf 72' lang='grc' dir='ltr'><strong><em>αὐτὸν</em></strong></span> <span class='ocrx_word' id='word_1_36' title='bbox 1776 433 1797 478; x_wconf 80' lang='grc' dir='ltr'>ὁ</span> 
     </span>
     <span class='ocr_line' id='line_1_7' title="bbox 146 498 1801 565; baseline -0.005 -13"><span class='ocrx_word' id='word_1_37' title='bbox 146 507 293 565; x_wconf 80' lang='grc' dir='ltr'><strong><em>πατὴρ</em></strong></span> <span class='ocrx_word' id='word_1_38' title='bbox 316 507 594 559; x_wconf 86' lang='grc' dir='ltr'><strong><em>Πτολεμαῖος</em></strong></span> <span class='ocrx_word' id='word_1_39' title='bbox 623 512 750 559; x_wconf 80' lang='grc' dir='ltr'><em>γαμεῖ</em></span> <span class='ocrx_word' id='word_1_40' title='bbox 780 520 827 545; x_wconf 85' lang='grc' dir='ltr'><strong><em>τε</em></strong></span> <span class='ocrx_word' id='word_1_41' title='bbox 856 502 935 560; x_wconf 77' lang='grc' dir='ltr'><strong><em>την</em></strong></span> <span class='ocrx_word' id='word_1_42' title='bbox 956 499 1244 559; x_wconf 66' lang='grc' dir='ltr'><strong><em>Ἀλεξάνδραν</em></strong></span> <span class='ocrx_word' id='word_1_43' title='bbox 1274 505 1345 546; x_wconf 82' lang='grc' dir='ltr'><strong><em>καὶ</em></strong></span> <span class='ocrx_word' id='word_1_44' title='bbox 1378 506 1464 545; x_wconf 77' lang='grc' dir='ltr'><strong><em>τῶν</em></strong></span> <span class='ocrx_word' id='word_1_45' title='bbox 1487 501 1692 559; x_wconf 72' lang='grc' dir='ltr'><strong><em>ἀδελφῶν</em></strong></span> <span class='ocrx_word' id='word_1_46' title='bbox 1725 498 1801 544; x_wconf 80' lang='grc' dir='ltr'><strong><em>αἰ·-</em></strong></span> 
     </span>
     <span class='ocr_line' id='line_1_8' title="bbox 144 570 990 634; baseline -0.006 -15"><span class='ocrx_word' id='word_1_47' title='bbox 144 579 221 634; x_wconf 78' lang='grc' dir='ltr'><strong><em>τῆς</em></strong></span> <span class='ocrx_word' id='word_1_48' title='bbox 252 575 465 628; x_wconf 87' lang='grc' dir='ltr'><strong><em>πρόνοιαν</em></strong></span> <span class='ocrx_word' id='word_1_49' title='bbox 497 570 761 625; x_wconf 87' lang='grc' dir='ltr'><strong><em>ποιούμενος</em></strong></span> <span class='ocrx_word' id='word_1_50' title='bbox 792 571 990 614; x_wconf 81' lang='grc' dir='ltr'><strong><em>διετέλει.</em></strong></span> 
     </span>
    </p>

    <p class='ocr_par' dir='ltr' id='par_1_5' title="bbox 141 636 1816 1983">
     <span class='ocr_line' id='line_1_9' title="bbox 258 636 1802 696; baseline -0.005 -10"><span class='ocrx_word' id='word_1_51' title='bbox 258 644 369 686; x_wconf 89' lang='lat' dir='ltr'><strong>VIII.</strong></span> <span class='ocrx_word' id='word_1_52' title='bbox 407 646 439 684; x_wconf 89' lang='lat'><strong><em>1.</em></strong></span> <span class='ocrx_word' id='word_1_53' title='bbox 480 638 611 682; x_wconf 81' lang='grc' dir='ltr'><strong><em>Μετὰ</em></strong></span> <span class='ocrx_word' id='word_1_54' title='bbox 650 639 697 681; x_wconf 82' lang='grc' dir='ltr'><strong><em>δὲ</em></strong></span> <span class='ocrx_word' id='word_1_55' title='bbox 733 637 810 682; x_wconf 86' lang='grc' dir='ltr'><strong><em>τὸν</em></strong></span> <span class='ocrx_word' id='word_1_56' title='bbox 842 642 1085 695; x_wconf 82' lang='grc' dir='ltr'><strong><em>Πομπηίου</em></strong></span> <span class='ocrx_word' id='word_1_57' title='bbox 1117 638 1315 681; x_wconf 81' lang='grc' dir='ltr'><strong><em>θάνατον</em></strong></span> <span class='ocrx_word' id='word_1_58' title='bbox 1353 640 1424 681; x_wconf 83' lang='grc' dir='ltr'><strong><em>καὶ</em></strong></span> <span class='ocrx_word' id='word_1_59' title='bbox 1466 637 1544 696; x_wconf 79' lang='grc' dir='ltr'><strong><em>την</em></strong></span> <span class='ocrx_word' id='word_1_60' title='bbox 1576 641 1695 693; x_wconf 87' lang='grc' dir='ltr'><strong><em>νίκην</em></strong></span> <span class='ocrx_word' id='word_1_61' title='bbox 1725 636 1802 692; x_wconf 75' lang='grc' dir='ltr'><strong><em>τὴν</em></strong></span> 
     </span>
     <span class='ocr_line' id='line_1_10' title="bbox 146 702 1804 764; baseline -0.004 -11"><span class='ocrx_word' id='word_1_62' title='bbox 146 706 222 754; x_wconf 78' lang='grc' dir='ltr'><strong><em>ἐπ’</em></strong></span> <span class='ocrx_word' id='word_1_63' title='bbox 258 705 375 764; x_wconf 78' lang='grc' dir='ltr'><strong><em>αύτῷ</em></strong></span> <span class='ocrx_word' id='word_1_64' title='bbox 397 711 592 760; x_wconf 88' lang='grc' dir='ltr'><strong><em>Καίσαρι</em></strong></span> <span class='ocrx_word' id='word_1_65' title='bbox 622 707 889 760; x_wconf 76' lang='grc' dir='ltr'><strong><em>πολεμοῦντι</em></strong></span> <span class='ocrx_word' id='word_1_66' title='bbox 920 703 1015 748; x_wconf 73' lang='grc' dir='ltr'><strong><em>κατ’</em></strong></span> <span class='ocrx_word' id='word_1_67' title='bbox 1037 706 1275 761; x_wconf 74' lang='grc' dir='ltr'><strong><em>Αἴγυπτον</em></strong></span> <span class='ocrx_word' id='word_1_68' title='bbox 1307 705 1452 749; x_wconf 82' lang='grc' dir='ltr'><strong><em>πολλὰ</em></strong></span> <span class='ocrx_word' id='word_1_69' title='bbox 1480 705 1695 762; x_wconf 75' lang='grc' dir='ltr'><strong><em>χρήσιμον</em></strong></span> <span class='ocrx_word' id='word_1_70' title='bbox 1727 702 1804 746; x_wconf 76' lang='grc' dir='ltr'><strong><em>αὗ-</em></strong></span> 
     </span>
     <span class='ocr_line' id='line_1_11' title="bbox 144 769 1805 831; baseline -0.004 -10"><span class='ocrx_word' id='word_1_71' title='bbox 144 777 221 821; x_wconf 81' lang='grc' dir='ltr'><strong><em>τὸν</em></strong></span> <span class='ocrx_word' id='word_1_72' title='bbox 251 779 466 831; x_wconf 86' lang='grc' dir='ltr'><strong><em>παρέσχεν</em></strong></span> <span class='ocrx_word' id='word_1_73' title='bbox 496 771 788 829; x_wconf 75' lang='grc' dir='ltr'><strong><em>Ἀντίπατρος</em></strong></span> <span class='ocrx_word' id='word_1_74' title='bbox 828 771 849 816; x_wconf 89' lang='lat'><strong><em>0‘</em></strong></span> <span class='ocrx_word' id='word_1_75' title='bbox 881 776 968 817; x_wconf 82' lang='grc' dir='ltr'><strong><em>τῶν</em></strong></span> <span class='ocrx_word' id='word_1_76' title='bbox 995 769 1217 817; x_wconf 72' lang='grc' dir='ltr'><strong><em>Ἰουδαίων</em></strong></span> <span class='ocrx_word' id='word_1_77' title='bbox 1256 772 1522 831; x_wconf 78' lang='grc' dir='ltr'><strong><em>ἐπιμελητὴς</em></strong></span> <span class='ocrx_word' id='word_1_78' title='bbox 1553 772 1600 824; x_wconf 81' lang='grc' dir='ltr'><strong><em>ἐξ</em></strong></span> <span class='ocrx_word' id='word_1_79' title='bbox 1629 772 1805 830; x_wconf 73' lang='grc' dir='ltr'><strong><em>ἐντολῆς</em></strong></span> 
     </span>
     <span class='ocr_line' id='line_1_12' title="bbox 141 840 1804 902; baseline -0.003 -14"><span class='ocrx_word' id='word_1_80' title='bbox 141 843 357 902; x_wconf 77' lang='grc' dir='ltr'><strong><em>Ὑρκανοῦ.</em></strong></span> <span class='ocrx_word' id='word_1_81' title='bbox 418 841 686 898; x_wconf 74' lang='grc' dir='ltr'><strong><em>ΠΙιθριδάτῃ</em></strong></span> <span class='ocrx_word' id='word_1_82' title='bbox 726 859 774 885; x_wconf 93' lang='grc' dir='ltr'><strong><em>τε</em></strong></span> <span class='ocrx_word' id='word_1_83' title='bbox 803 841 885 898; x_wconf 83' lang='grc' dir='ltr'><strong><em>γὰρ</em></strong></span> <span class='ocrx_word' id='word_1_84' title='bbox 919 844 983 898; x_wconf 75' lang='grc' dir='ltr'><strong><em>τῷ</em></strong></span> <span class='ocrx_word' id='word_1_85' title='bbox 1014 844 1291 898; x_wconf 75' lang='grc' dir='ltr'><em>Περγαμηνῷ</em></span> <span class='ocrx_word' id='word_1_86' title='bbox 1329 842 1552 896; x_wconf 80' lang='grc' dir='ltr'><strong><em>κομίζοντι</em></strong></span> <span class='ocrx_word' id='word_1_87' title='bbox 1583 840 1804 895; x_wconf 78' lang='grc' dir='ltr'><strong><em>ἐπικουρι-</em></strong></span> 
     </span>
     <span class='ocr_line' id='line_1_13' title="bbox 144 907 1806 967; baseline -0.004 -11"><span class='ocrx_word' id='word_1_88' title='bbox 144 912 219 956; x_wconf 82' lang='grc' dir='ltr'><strong><em>κὸν</em></strong></span> <span class='ocrx_word' id='word_1_89' title='bbox 249 913 321 954; x_wconf 85' lang='grc' dir='ltr'><strong><em>καὶ</em></strong></span> <span class='ocrx_word' id='word_1_90' title='bbox 354 909 580 961; x_wconf 82' lang='grc' dir='ltr'><strong><em>ἀδυνάτως</em></strong></span> <span class='ocrx_word' id='word_1_91' title='bbox 610 910 751 963; x_wconf 77' lang='grc' dir='ltr'><strong><em>ἔχοντι</em></strong></span> <span class='ocrx_word' id='word_1_92' title='bbox 783 910 856 953; x_wconf 82' lang='grc' dir='ltr'><strong><em>διὰ</em></strong></span> <span class='ocrx_word' id='word_1_93' title='bbox 888 911 1144 967; x_wconf 72' lang='grc' dir='ltr'><strong><em>Πηλουσίου</em></strong></span> <span class='ocrx_word' id='word_1_94' title='bbox 1181 909 1468 965; x_wconf 80' lang='grc' dir='ltr'><strong><em>ποιήσασθαι</em></strong></span> <span class='ocrx_word' id='word_1_95' title='bbox 1497 907 1574 964; x_wconf 81' lang='grc' dir='ltr'><strong><em>τὴν</em></strong></span> <span class='ocrx_word' id='word_1_96' title='bbox 1605 911 1806 963; x_wconf 75' lang='grc' dir='ltr'><strong><em>πορείαν,</em></strong></span> 
     </span>
     <span class='ocr_line' id='line_1_14' title="bbox 144 972 1808 1034; baseline -0.002 -12"><span class='ocrx_word' id='word_1_97' title='bbox 144 980 248 1034; x_wconf 85' lang='grc' dir='ltr'><strong><em>περὶ</em></strong></span> <span class='ocrx_word' id='word_1_98' title='bbox 281 978 327 1021; x_wconf 86' lang='grc' dir='ltr'><strong><em>δὲ</em></strong></span> <span class='ocrx_word' id='word_1_99' title='bbox 357 974 614 1021; x_wconf 73' lang='grc' dir='ltr'><strong><em>Ἀσκάλωνα</em></strong></span> <span class='ocrx_word' id='word_1_100' title='bbox 646 978 936 1032; x_wconf 80' lang='grc' dir='ltr'><strong><em>διατρίβοντι,</em></strong></span> <span class='ocrx_word' id='word_1_101' title='bbox 975 973 1076 1034; x_wconf 81' lang='grc' dir='ltr'><strong><em>ἧκεν</em></strong></span> <span class='ocrx_word' id='word_1_102' title='bbox 1106 973 1400 1032; x_wconf 78' lang='grc' dir='ltr'><strong><em>Ἀντίπατρος</em></strong></span> <span class='ocrx_word' id='word_1_103' title='bbox 1441 973 1557 1032; x_wconf 72' lang='grc' dir='ltr'><strong><em>ἄγων</em></strong></span> <span class='ocrx_word' id='word_1_104' title='bbox 1582 972 1808 1020; x_wconf 82' lang='grc' dir='ltr'><strong><em>Ἰουδαίων</em></strong></span> 
     </span>
     <span class='ocr_line' id='line_1_15' title="bbox 144 1042 1809 1102; baseline -0.003 -12"><span class='ocrx_word' id='word_1_105' title='bbox 144 1044 334 1097; x_wconf 84' lang='grc' dir='ltr'><strong><em>ὁπλίτας</em></strong></span> <span class='ocrx_word' id='word_1_106' title='bbox 363 1047 631 1100; x_wconf 79' lang='grc' dir='ltr'><strong><em>τρισχιλίους</em></strong></span> <span class='ocrx_word' id='word_1_107' title='bbox 661 1045 708 1097; x_wconf 78' lang='grc' dir='ltr'><strong><em>ἐξ</em></strong></span> <span class='ocrx_word' id='word_1_108' title='bbox 726 1042 937 1102; x_wconf 74' lang='grc' dir='ltr'><strong><em>Ἀραβίας</em></strong></span> <span class='ocrx_word' id='word_1_109' title='bbox 965 1062 1014 1088; x_wconf 90' lang='grc' dir='ltr'><strong><em>τε</em></strong></span> <span class='ocrx_word' id='word_1_110' title='bbox 1041 1045 1293 1100; x_wconf 85' lang='grc' dir='ltr'><strong><em>συμμάχους</em></strong></span> <span class='ocrx_word' id='word_1_111' title='bbox 1325 1044 1474 1088; x_wconf 79' lang='grc' dir='ltr'><strong><em>ἐλθεῖν</em></strong></span> <span class='ocrx_word' id='word_1_112' title='bbox 1505 1042 1809 1100; x_wconf 78' lang='grc' dir='ltr'><strong><em>ἐπραγματεύ-</em></strong></span> 
     </span>
     <span class='ocr_line' id='line_1_16' title="bbox 145 1109 1808 1169; baseline -0.002 -12"><span class='ocrx_word' id='word_1_113' title='bbox 145 1129 254 1158; x_wconf 88' lang='grc' dir='ltr'><strong><em>σατο</em></strong></span> <span class='ocrx_word' id='word_1_114' title='bbox 291 1113 394 1164; x_wconf 76' lang='grc' dir='ltr'><strong><em>τοὺς</em></strong></span> <span class='ocrx_word' id='word_1_115' title='bbox 434 1113 478 1157; x_wconf 78' lang='grc' dir='ltr'><strong><em>ἐν</em></strong></span> <span class='ocrx_word' id='word_1_116' title='bbox 517 1115 655 1157; x_wconf 90' lang='grc' dir='ltr'><strong><em>τέλει·</em></strong></span> <span class='ocrx_word' id='word_1_117' title='bbox 690 1115 764 1157; x_wconf 87' lang='grc' dir='ltr'><strong><em>καὶ</em></strong></span> <span class='ocrx_word' id='word_1_118' title='bbox 800 1109 860 1157; x_wconf 73' lang='grc' dir='ltr'><strong><em>δι’</em></strong></span> <span class='ocrx_word' id='word_1_119' title='bbox 898 1109 1030 1156; x_wconf 75' lang='grc' dir='ltr'><strong><em>αὐτὸν</em></strong></span> <span class='ocrx_word' id='word_1_120' title='bbox 1072 1113 1115 1156; x_wconf 84' lang='grc' dir='ltr'><strong><em>οἱ</em></strong></span> <span class='ocrx_word' id='word_1_121' title='bbox 1154 1111 1264 1156; x_wconf 83' lang='grc' dir='ltr'><strong><em>κατὰ</em></strong></span> <span class='ocrx_word' id='word_1_122' title='bbox 1303 1111 1381 1169; x_wconf 84' lang='grc' dir='ltr'><strong><em>τὴν</em></strong></span> <span class='ocrx_word' id='word_1_123' title='bbox 1411 1116 1574 1167; x_wconf 81' lang='grc' dir='ltr'><strong><em>Συρίαν</em></strong></span> <span class='ocrx_word' id='word_1_124' title='bbox 1613 1110 1808 1161; x_wconf 75' lang='grc' dir='ltr'><strong><em>ἅπαντες</em></strong></span> 
     </span>
     <span class='ocr_line' id='line_1_17' title="bbox 146 1175 1808 1238; baseline -0.002 -13"><span class='ocrx_word' id='word_1_125' title='bbox 146 1181 409 1238; x_wconf 77' lang='grc' dir='ltr'><strong><em>ἐπεκούρουν</em></strong></span> <span class='ocrx_word' id='word_1_126' title='bbox 441 1178 780 1226; x_wconf 80' lang='grc' dir='ltr'><strong><em>ἀπολείπεσθαι</em></strong></span> <span class='ocrx_word' id='word_1_127' title='bbox 818 1184 895 1238; x_wconf 87' lang='grc' dir='ltr'><strong><em>τῆς</em></strong></span> <span class='ocrx_word' id='word_1_128' title='bbox 933 1179 1045 1236; x_wconf 82' lang='grc' dir='ltr'><strong><em>ὑπὲρ</em></strong></span> <span class='ocrx_word' id='word_1_129' title='bbox 1077 1184 1306 1236; x_wconf 86' lang='grc' dir='ltr'><strong><em>Καίσαρος</em></strong></span> <span class='ocrx_word' id='word_1_130' title='bbox 1344 1183 1606 1237; x_wconf 72' lang='grc' dir='ltr'><strong><em>προθυμίας</em></strong></span> <span class='ocrx_word' id='word_1_131' title='bbox 1645 1175 1695 1223; x_wconf 78' lang='grc' dir='ltr'><strong><em>οὗ</em></strong></span> <span class='ocrx_word' id='word_1_132' title='bbox 1724 1182 1808 1221; x_wconf 83' lang='grc' dir='ltr'><strong><em>θέ-</em></strong></span> 
     </span>
     <span class='ocr_line' id='line_1_18' title="bbox 146 1244 1808 1307; baseline -0.002 -14"><span class='ocrx_word' id='word_1_133' title='bbox 146 1250 315 1301; x_wconf 81' lang='grc' dir='ltr'><strong><em>λοντες,</em></strong></span> <span class='ocrx_word' id='word_1_134' title='bbox 350 1245 596 1304; x_wconf 78' lang='grc' dir='ltr'><strong><em>Ἰάμβλιχός</em></strong></span> <span class='ocrx_word' id='word_1_135' title='bbox 625 1267 673 1293; x_wconf 89' lang='grc' dir='ltr'><strong><em>τε</em></strong></span> <span class='ocrx_word' id='word_1_136' title='bbox 703 1247 725 1293; x_wconf 84' lang='grc' dir='ltr'>ὁ</span> <span class='ocrx_word' id='word_1_137' title='bbox 760 1249 974 1307; x_wconf 89' lang='grc' dir='ltr'><strong><em>δυνάστης</em></strong></span> <span class='ocrx_word' id='word_1_138' title='bbox 1011 1250 1084 1292; x_wconf 84' lang='grc' dir='ltr'><strong><em>καὶ</em></strong></span> <span class='ocrx_word' id='word_1_139' title='bbox 1115 1249 1396 1302; x_wconf 89' lang='grc' dir='ltr'><strong><em>Πτολεμαῖος</em></strong></span> <span class='ocrx_word' id='word_1_140' title='bbox 1432 1244 1454 1291; x_wconf 85' lang='lat' dir='ltr'><strong><em>o‘</em></strong></span> <span class='ocrx_word' id='word_1_141' title='bbox 1488 1251 1685 1302; x_wconf 80' lang='grc' dir='ltr'><strong><em>Σοαίμου</em></strong></span> <span class='ocrx_word' id='word_1_142' title='bbox 1716 1250 1808 1289; x_wconf 90' lang='grc' dir='ltr'><strong><em>Λί-</em></strong></span> 
     </span>
     <span class='ocr_line' id='line_1_19' title="bbox 145 1311 1809 1373; baseline -0.002 -13"><span class='ocrx_word' id='word_1_143' title='bbox 145 1321 281 1372; x_wconf 77' lang='grc' dir='ltr'><strong><em>βανον</em></strong></span> <span class='ocrx_word' id='word_1_144' title='bbox 320 1314 423 1373; x_wconf 82' lang='grc' dir='ltr'><strong><em>ὅρος</em></strong></span> <span class='ocrx_word' id='word_1_145' title='bbox 465 1317 594 1360; x_wconf 84' lang='grc' dir='ltr'><strong><em>οἰκῶν</em></strong></span> <span class='ocrx_word' id='word_1_146' title='bbox 635 1318 758 1361; x_wconf 78' lang='grc' dir='ltr'><strong><em>αἵτε</em></strong></span> <span class='ocrx_word' id='word_1_147' title='bbox 788 1317 945 1368; x_wconf 86' lang='grc' dir='ltr'><strong><em>πόλεις</em></strong></span> <span class='ocrx_word' id='word_1_148' title='bbox 984 1316 1137 1370; x_wconf 84' lang='grc' dir='ltr'><strong><em>σχεδὸν</em></strong></span> <span class='ocrx_word' id='word_1_149' title='bbox 1176 1311 1366 1359; x_wconf 72' lang='grc' dir='ltr'><strong><em>ἅπασαι.</em></strong></span> <span class='ocrx_word' id='word_1_150' title='bbox 1428 1314 1722 1372; x_wconf 69' lang='grc' dir='ltr'><strong><em>Μιθριδάτης</em></strong></span> <span class='ocrx_word' id='word_1_151' title='bbox 1762 1314 1809 1356; x_wconf 83' lang='grc' dir='ltr'><strong><em>δὲ</em></strong></span> 
     </span>
     <span class='ocr_line' id='line_1_20' title="bbox 148 1378 1808 1442; baseline -0.002 -14"><span class='ocrx_word' id='word_1_152' title='bbox 148 1382 259 1437; x_wconf 70' lang='grc' dir='ltr'><strong><em>ἄρας</em></strong></span> <span class='ocrx_word' id='word_1_153' title='bbox 289 1384 334 1428; x_wconf 81' lang='grc' dir='ltr'><strong><em>ἐκ</em></strong></span> <span class='ocrx_word' id='word_1_154' title='bbox 362 1389 525 1441; x_wconf 87' lang='grc' dir='ltr'><strong><em>Συρίας</em></strong></span> <span class='ocrx_word' id='word_1_155' title='bbox 556 1386 618 1436; x_wconf 84' lang='grc' dir='ltr'><strong><em>εἰς</em></strong></span> <span class='ocrx_word' id='word_1_156' title='bbox 639 1385 893 1442; x_wconf 75' lang='grc' dir='ltr'><strong><em>Πηλούσιον</em></strong></span> <span class='ocrx_word' id='word_1_157' title='bbox 924 1381 1176 1442; x_wconf 79' lang='grc' dir='ltr'><strong><em>ἀφικνεῖται</em></strong></span> <span class='ocrx_word' id='word_1_158' title='bbox 1206 1385 1279 1426; x_wconf 84' lang='grc' dir='ltr'><strong><em>καὶ</em></strong></span> <span class='ocrx_word' id='word_1_159' title='bbox 1309 1382 1368 1441; x_wconf 90' lang='grc' dir='ltr'><strong><em>μὴ</em></strong></span> <span class='ocrx_word' id='word_1_160' title='bbox 1400 1383 1643 1437; x_wconf 85' lang='grc' dir='ltr'><strong><em>δεχομένων</em></strong></span> <span class='ocrx_word' id='word_1_161' title='bbox 1674 1378 1808 1424; x_wconf 74' lang='grc' dir='ltr'><strong><em>αὐτὸν</em></strong></span> 
     </span>
     <span class='ocr_line' id='line_1_21' title="bbox 147 1447 1810 1509; baseline -0.002 -14"><span class='ocrx_word' id='word_1_162' title='bbox 147 1455 236 1496; x_wconf 86' lang='grc' dir='ltr'><strong><em>τιῦν</em></strong></span> <span class='ocrx_word' id='word_1_163' title='bbox 274 1449 531 1508; x_wconf 71' lang='grc' dir='ltr'><strong><em>ἀνθρώπιον</em></strong></span> <span class='ocrx_word' id='word_1_164' title='bbox 571 1453 823 1508; x_wconf 75' lang='grc' dir='ltr'><strong><em>ἐπολιόρκει</em></strong></span> <span class='ocrx_word' id='word_1_165' title='bbox 861 1452 940 1509; x_wconf 87' lang='grc' dir='ltr'><strong><em>τὴν</em></strong></span> <span class='ocrx_word' id='word_1_166' title='bbox 972 1452 1119 1496; x_wconf 89' lang='grc' dir='ltr'><strong><em>πόλιν.</em></strong></span> <span class='ocrx_word' id='word_1_167' title='bbox 1178 1447 1409 1509; x_wconf 80' lang='grc' dir='ltr'><strong><em>ἠρίστευσε</em></strong></span> <span class='ocrx_word' id='word_1_168' title='bbox 1440 1450 1487 1493; x_wconf 83' lang='grc' dir='ltr'><strong><em>δὲ</em></strong></span> <span class='ocrx_word' id='word_1_169' title='bbox 1517 1447 1810 1507; x_wconf 74' lang='grc' dir='ltr'><strong><em>Ἀντίπατρος</em></strong></span> 
     </span>
     <span class='ocr_line' id='line_1_22' title="bbox 148 1514 1811 1577; baseline -0.001 -15"><span class='ocrx_word' id='word_1_170' title='bbox 148 1520 397 1577; x_wconf 81' lang='grc' dir='ltr'><strong><em>κατασύρας</em></strong></span> <span class='ocrx_word' id='word_1_171' title='bbox 427 1538 469 1564; x_wconf 95' lang='grc' dir='ltr'><strong><em>τι</em></strong></span> <span class='ocrx_word' id='word_1_172' title='bbox 489 1523 567 1563; x_wconf 83' lang='grc' dir='ltr'><strong><em>τοῦ</em></strong></span> <span class='ocrx_word' id='word_1_173' title='bbox 587 1525 756 1574; x_wconf 84' lang='grc' dir='ltr'><strong><em>τείχους</em></strong></span> <span class='ocrx_word' id='word_1_174' title='bbox 786 1522 859 1564; x_wconf 83' lang='grc' dir='ltr'><strong><em>καὶ</em></strong></span> <span class='ocrx_word' id='word_1_175' title='bbox 879 1518 985 1564; x_wconf 80' lang='grc' dir='ltr'><strong><em>ὁδὸν</em></strong></span> <span class='ocrx_word' id='word_1_176' title='bbox 1016 1519 1240 1562; x_wconf 86' lang='grc' dir='ltr'><strong><em>εἰσπεσεῖν</em></strong></span> <span class='ocrx_word' id='word_1_177' title='bbox 1270 1521 1514 1576; x_wconf 85' lang='grc' dir='ltr'><strong><em>παρέσχετο</em></strong></span> <span class='ocrx_word' id='word_1_178' title='bbox 1545 1527 1639 1569; x_wconf 89' lang='grc' dir='ltr'><strong><em>τοῖς</em></strong></span> <span class='ocrx_word' id='word_1_179' title='bbox 1661 1514 1811 1568; x_wconf 79' lang='grc' dir='ltr'><strong><em>ἄλλοις</em></strong></span> 
     </span>
     <span class='ocr_line' id='line_1_23' title="bbox 151 1585 1811 1646; baseline -0.001 -16"><span class='ocrx_word' id='word_1_180' title='bbox 151 1587 214 1638; x_wconf 85' lang='grc' dir='ltr'><strong><em>εἷς</em></strong></span> <span class='ocrx_word' id='word_1_181' title='bbox 244 1587 322 1643; x_wconf 60' lang='grc' dir='ltr'><strong><em>τὴν</em></strong></span> <span class='ocrx_word' id='word_1_182' title='bbox 352 1587 499 1631; x_wconf 87' lang='grc' dir='ltr'><strong><em>πόλιν.</em></strong></span> <span class='ocrx_word' id='word_1_183' title='bbox 557 1590 629 1631; x_wconf 84' lang='grc' dir='ltr'><strong><em>καὶ</em></strong></span> <span class='ocrx_word' id='word_1_184' title='bbox 659 1588 709 1632; x_wconf 86' lang='grc' dir='ltr'><strong><em>τὸ</em></strong></span> <span class='ocrx_word' id='word_1_185' title='bbox 741 1589 821 1643; x_wconf 82' lang='grc' dir='ltr'><strong><em>μὲν</em></strong></span> <span class='ocrx_word' id='word_1_186' title='bbox 852 1588 1106 1646; x_wconf 74' lang='grc' dir='ltr'><strong><em>Πηλούσιον</em></strong></span> <span class='ocrx_word' id='word_1_187' title='bbox 1141 1587 1281 1637; x_wconf 77' lang='grc' dir='ltr'><strong><em>οὕτως</em></strong></span> <span class='ocrx_word' id='word_1_188' title='bbox 1312 1585 1436 1640; x_wconf 80' lang='grc' dir='ltr'><strong><em>εἶχεν.</em></strong></span> <span class='ocrx_word' id='word_1_189' title='bbox 1495 1585 1598 1637; x_wconf 62' lang='grc' dir='ltr'><strong><em>τοὺς</em></strong></span> <span class='ocrx_word' id='word_1_190' title='bbox 1629 1586 1676 1629; x_wconf 81' lang='grc' dir='ltr'><strong><em>δὲ</em></strong></span> <span class='ocrx_word' id='word_1_191' title='bbox 1706 1588 1811 1643; x_wconf 82' lang='grc' dir='ltr'><strong><em>περὶ</em></strong></span> 
     </span>
     <span class='ocr_line' id='line_1_24' title="bbox 150 1650 1812 1713; baseline -0.001 -16"><span class='ocrx_word' id='word_1_192' title='bbox 150 1650 444 1712; x_wconf 79' lang='grc' dir='ltr'><strong><em>Ἀντίπατρον</em></strong></span> <span class='ocrx_word' id='word_1_193' title='bbox 482 1657 556 1699; x_wconf 86' lang='grc' dir='ltr'><strong><em>καὶ</em></strong></span> <span class='ocrx_word' id='word_1_194' title='bbox 586 1656 880 1713; x_wconf 71' lang='grc' dir='ltr'><strong><em>ῘΙἸιθριδάτην</em></strong></span> <span class='ocrx_word' id='word_1_195' title='bbox 921 1651 1139 1705; x_wconf 76' lang='grc' dir='ltr'><strong><em>ἀπιόντας</em></strong></span> <span class='ocrx_word' id='word_1_196' title='bbox 1177 1653 1292 1712; x_wconf 82' lang='grc' dir='ltr'><strong><em>πρὸς</em></strong></span> <span class='ocrx_word' id='word_1_197' title='bbox 1330 1658 1538 1712; x_wconf 84' lang='grc' dir='ltr'><strong><em>Καίσαρα</em></strong></span> <span class='ocrx_word' id='word_1_198' title='bbox 1578 1653 1812 1697; x_wconf 84' lang='grc' dir='ltr'><strong><em>διεκώλυον</em></strong></span> 
     </span>
     <span class='ocr_line' id='line_1_25' title="bbox 151 1718 1814 1781; baseline 0.001 -17"><span class='ocrx_word' id='word_1_199' title='bbox 151 1723 194 1765; x_wconf 81' lang='grc' dir='ltr'><strong><em>οἱ</em></strong></span> <span class='ocrx_word' id='word_1_200' title='bbox 219 1718 427 1766; x_wconf 83' lang='grc' dir='ltr'><strong><em>Ἰουδαῖοι</em></strong></span> <span class='ocrx_word' id='word_1_201' title='bbox 457 1723 499 1766; x_wconf 86' lang='grc' dir='ltr'><strong><em>οἱ</em></strong></span> <span class='ocrx_word' id='word_1_202' title='bbox 529 1722 608 1780; x_wconf 79' lang='grc' dir='ltr'><strong><em>τὴν</em></strong></span> <span class='ocrx_word' id='word_1_203' title='bbox 634 1719 780 1767; x_wconf 84' lang='grc' dir='ltr'><strong><em>Ὀνίου</em></strong></span> <span class='ocrx_word' id='word_1_204' title='bbox 812 1723 985 1781; x_wconf 83' lang='grc' dir='ltr'><strong><em>[χώραν]</em></strong></span> <span class='ocrx_word' id='word_1_205' title='bbox 1018 1724 1251 1780; x_wconf 81' lang='grc' dir='ltr'><strong><em>λεγομένην</em></strong></span> <span class='ocrx_word' id='word_1_206' title='bbox 1280 1725 1596 1774; x_wconf 83' lang='grc' dir='ltr'><strong><em>κατοικοῦντες.</em></strong></span> <span class='ocrx_word' id='word_1_207' title='bbox 1656 1725 1814 1765; x_wconf 85' lang='grc' dir='ltr'><strong><em>πείθει</em></strong></span> 
     </span>
     <span class='ocr_line' id='line_1_26' title="bbox 151 1786 1814 1848; baseline 0 -16"><span class='ocrx_word' id='word_1_208' title='bbox 151 1789 199 1833; x_wconf 84' lang='grc' dir='ltr'><strong><em>δὲ</em></strong></span> <span class='ocrx_word' id='word_1_209' title='bbox 229 1792 300 1833; x_wconf 81' lang='grc' dir='ltr'><strong><em>καὶ</em></strong></span> <span class='ocrx_word' id='word_1_210' title='bbox 331 1789 514 1841; x_wconf 89' lang='grc' dir='ltr'><strong><em>τούτους</em></strong></span> <span class='ocrx_word' id='word_1_211' title='bbox 544 1792 598 1833; x_wconf 83' lang='grc' dir='ltr'><strong><em>τὰ</em></strong></span> <span class='ocrx_word' id='word_1_212' title='bbox 632 1786 775 1834; x_wconf 71' lang='grc' dir='ltr'><strong><em>αὐτῶν</em></strong></span> <span class='ocrx_word' id='word_1_213' title='bbox 806 1793 1029 1848; x_wconf 77' lang='grc' dir='ltr'><strong><em>φρονῆσαι</em></strong></span> <span class='ocrx_word' id='word_1_214' title='bbox 1058 1790 1169 1832; x_wconf 79' lang='grc' dir='ltr'><strong><em>κατὰ</em></strong></span> <span class='ocrx_word' id='word_1_215' title='bbox 1195 1789 1245 1833; x_wconf 84' lang='grc' dir='ltr'><strong><em>τὸ</em></strong></span> <span class='ocrx_word' id='word_1_216' title='bbox 1273 1787 1501 1847; x_wconf 82' lang='grc' dir='ltr'><strong><em>ὁμόφυλον</em></strong></span> <span class='ocrx_word' id='word_1_217' title='bbox 1521 1786 1814 1847; x_wconf 77' lang='grc' dir='ltr'><strong><em>Ἀντίπατρος</em></strong></span> 
     </span>
     <span class='ocr_line' id='line_1_27' title="bbox 151 1853 1816 1915; baseline -0.001 -15"><span class='ocrx_word' id='word_1_218' title='bbox 151 1859 223 1901; x_wconf 90' lang='grc' dir='ltr'><strong><em>καὶ</em></strong></span> <span class='ocrx_word' id='word_1_219' title='bbox 254 1858 452 1912; x_wconf 88' lang='grc' dir='ltr'><strong><em>μάλιστα</em></strong></span> <span class='ocrx_word' id='word_1_220' title='bbox 482 1857 708 1908; x_wconf 76' lang='grc' dir='ltr'><strong><em>ἐπιδείξας</em></strong></span> <span class='ocrx_word' id='word_1_221' title='bbox 740 1854 889 1909; x_wconf 74' lang='grc' dir='ltr'><strong><em>αὐτοῖς</em></strong></span> <span class='ocrx_word' id='word_1_222' title='bbox 918 1857 999 1908; x_wconf 84' lang='grc' dir='ltr'><strong><em>τὰς</em></strong></span> <span class='ocrx_word' id='word_1_223' title='bbox 1025 1854 1230 1914; x_wconf 81' lang='grc' dir='ltr'><strong><em>Ὑρκανοῦ</em></strong></span> <span class='ocrx_word' id='word_1_224' title='bbox 1259 1860 1337 1900; x_wconf 82' lang='grc' dir='ltr'><strong><em>τοῦ</em></strong></span> <span class='ocrx_word' id='word_1_225' title='bbox 1368 1853 1602 1915; x_wconf 74' lang='grc' dir='ltr'><strong><em>ἀρχιερέως</em></strong></span> <span class='ocrx_word' id='word_1_226' title='bbox 1633 1857 1816 1900; x_wconf 77' lang='grc' dir='ltr'><strong><em>ἐπιστο-</em></strong></span> 
     </span>
     <span class='ocr_line' id='line_1_28' title="bbox 152 1921 1815 1983; baseline 0 -15"><span class='ocrx_word' id='word_1_227' title='bbox 152 1922 242 1978; x_wconf 84' lang='grc' dir='ltr'><strong><em>λάς,</em></strong></span> <span class='ocrx_word' id='word_1_228' title='bbox 275 1924 319 1968; x_wconf 77' lang='grc' dir='ltr'><strong><em>ἐν</em></strong></span> <span class='ocrx_word' id='word_1_229' title='bbox 350 1925 422 1976; x_wconf 85' lang='grc' dir='ltr'><strong><em>αἷς</em></strong></span> <span class='ocrx_word' id='word_1_230' title='bbox 444 1921 601 1976; x_wconf 77' lang='grc' dir='ltr'><strong><em>αὐτοὺς</em></strong></span> <span class='ocrx_word' id='word_1_231' title='bbox 632 1926 791 1982; x_wconf 86' lang='grc' dir='ltr'><strong><em>φίλους</em></strong></span> <span class='ocrx_word' id='word_1_232' title='bbox 822 1923 935 1969; x_wconf 82' lang='grc' dir='ltr'><strong><em>εἶναι</em></strong></span> <span class='ocrx_word' id='word_1_233' title='bbox 956 1930 1186 1982; x_wconf 88' lang='grc' dir='ltr'><strong><em>Καίσαρος</em></strong></span> <span class='ocrx_word' id='word_1_234' title='bbox 1216 1922 1458 1983; x_wconf 87' lang='grc' dir='ltr'><strong><em>παρεκάλει</em></strong></span> <span class='ocrx_word' id='word_1_235' title='bbox 1487 1928 1559 1969; x_wconf 85' lang='grc' dir='ltr'><strong><em>καὶ</em></strong></span> <span class='ocrx_word' id='word_1_236' title='bbox 1592 1925 1712 1977; x_wconf 81' lang='grc' dir='ltr'><strong><em>ξένια</em></strong></span> <span class='ocrx_word' id='word_1_237' title='bbox 1741 1926 1815 1968; x_wconf 83' lang='grc' dir='ltr'><strong><em>καὶ</em></strong></span> 
     </span>
    </p>
   </div>
   <div class='ocr_carea' id='block_1_5' title="bbox 265 2037 798 2082">
    <p class='ocr_par' dir='ltr' id='par_1_6' title="bbox 265 2037 798 2082">
     <span class='ocr_line' id='line_1_29' title="bbox 265 2037 798 2082; baseline 0.002 -10"><span class='ocrx_word' id='word_1_238' title='bbox 265 2038 286 2082; x_wconf 62' lang='grc' dir='ltr'><strong><em>ς</em></strong></span> <span class='ocrx_word' id='word_1_239' title='bbox 314 2040 376 2072; x_wconf 83' lang='lat'><strong><em>126</em></strong></span> <span class='ocrx_word' id='word_1_240' title='bbox 402 2056 445 2067; x_wconf 89' lang='lat'>=</span> <span class='ocrx_word' id='word_1_241' title='bbox 469 2038 550 2072; x_wconf 81' lang='lat' dir='ltr'>ben.</span> <span class='ocrx_word' id='word_1_242' title='bbox 576 2037 655 2073; x_wconf 80' lang='lat' dir='ltr'><strong>lud.</strong></span> <span class='ocrx_word' id='word_1_243' title='bbox 679 2038 697 2072; x_wconf 89' lang='lat'>1</span> <span class='ocrx_word' id='word_1_244' title='bbox 724 2040 798 2073; x_wconf 81' lang='lat'>185.</span> 
     </span>
    </p>
   </div>
   <div class='ocr_carea' id='block_1_6' title="bbox 153 2137 1823 2748">
    <p class='ocr_par' dir='ltr' id='par_1_7' title="bbox 266 2137 970 2183">
     <span class='ocr_line' id='line_1_30' title="bbox 266 2137 970 2183; baseline 0 -10"><span class='ocrx_word' id='word_1_245' title='bbox 266 2137 515 2173; x_wconf 85' lang='lat' dir='ltr'>PFLAMWE</span> <span class='ocrx_word' id='word_1_246' title='bbox 525 2139 595 2173; x_wconf 81' lang='lat' dir='ltr'><strong><em>Lat</em></strong></span> <span class='ocrx_word' id='word_1_247' title='bbox 606 2138 766 2173; x_wconf 82' lang='lat' dir='ltr'><strong>Zonaras</strong></span> <span class='ocrx_word' id='word_1_248' title='bbox 789 2139 806 2173; x_wconf 94' lang='lat' dir='ltr'><strong>I</strong></span> <span class='ocrx_word' id='word_1_249' title='bbox 830 2150 865 2183; x_wconf 91' lang='lat' dir='ltr'><strong><em>p.</em></strong></span> <span class='ocrx_word' id='word_1_250' title='bbox 891 2141 970 2173; x_wconf 82' lang='lat'>404.</span> 
     </span>
    </p>

    <p class='ocr_par' dir='ltr' id='par_1_8' title="bbox 153 2189 1823 2748">
     <span class='ocr_line' id='line_1_31' title="bbox 270 2189 1818 2241; baseline 0.002 -13"><span class='ocrx_word' id='word_1_251' title='bbox 270 2198 282 2228; x_wconf 87' lang='lat'>1</span> <span class='ocrx_word' id='word_1_252' title='bbox 311 2189 446 2240; x_wconf 79' lang='grc' dir='ltr'><strong><em>*αὖτῇ]</em></strong></span> <span class='ocrx_word' id='word_1_253' title='bbox 473 2189 590 2238; x_wconf 85' lang='grc' dir='ltr'><strong><em>αύτῆσ</em></strong></span> <span class='ocrx_word' id='word_1_254' title='bbox 612 2189 681 2231; x_wconf 73' lang='grc' dir='ltr'><strong><em>ὑπ’</em></strong></span> <span class='ocrx_word' id='word_1_255' title='bbox 706 2194 752 2228; x_wconf 90' lang='lat' dir='ltr'>W</span> <span class='ocrx_word' id='word_1_256' title='bbox 777 2190 892 2241; x_wconf 78' lang='grc' dir='ltr'><strong><em>αὐτὴν</em></strong></span> <span class='ocrx_word' id='word_1_257' title='bbox 914 2194 969 2229; x_wconf 83' lang='lat' dir='ltr'><strong><em>ed.</em></strong></span> <span class='ocrx_word' id='word_1_258' title='bbox 986 2205 1042 2239; x_wconf 87' lang='lat' dir='ltr'><strong><em>pr.</em></strong></span> <span class='ocrx_word' id='word_1_259' title='bbox 1067 2205 1145 2229; x_wconf 80' lang='lat' dir='ltr'><strong><em>eam</em></strong></span> <span class='ocrx_word' id='word_1_260' title='bbox 1162 2194 1234 2230; x_wconf 81' lang='lat' dir='ltr'><strong><em>Lat</em></strong></span> <span class='ocrx_word' id='word_1_261' title='bbox 1310 2191 1558 2231; x_wconf 73' lang='grc' dir='ltr'><strong><em>ἀποστέλλειν</em></strong></span> <span class='ocrx_word' id='word_1_262' title='bbox 1574 2195 1621 2229; x_wconf 92' lang='lat' dir='ltr'>W</span> <span class='ocrx_word' id='word_1_263' title='bbox 1691 2197 1710 2229; x_wconf 87' lang='lat'>2</span> <span class='ocrx_word' id='word_1_264' title='bbox 1736 2190 1818 2231; x_wconf 80' lang='grc' dir='ltr'><strong><em>α’λε-</em></strong></span> 
     </span>
     <span class='ocr_line' id='line_1_32' title="bbox 153 2246 1772 2299; baseline -0.001 -12"><span class='ocrx_word' id='word_1_265' title='bbox 153 2247 318 2297; x_wconf 78' lang='grc' dir='ltr'><strong><em>ξάνὸρασ</em></strong></span> <span class='ocrx_word' id='word_1_266' title='bbox 341 2249 525 2298; x_wconf 76' lang='grc' dir='ltr'><strong><em>ἐρασθεὶσ</em></strong></span> <span class='ocrx_word' id='word_1_267' title='bbox 549 2253 593 2285; x_wconf 83' lang='lat' dir='ltr'><strong><em>tr.</em></strong></span> <span class='ocrx_word' id='word_1_268' title='bbox 620 2250 807 2285; x_wconf 81' lang='lat' dir='ltr'>FLAMW</span> <span class='ocrx_word' id='word_1_269' title='bbox 886 2246 1141 2298; x_wconf 78' lang='grc' dir='ltr'><strong><em>*α’λέξανδρος</em></strong></span> <span class='ocrx_word' id='word_1_270' title='bbox 1163 2251 1196 2286; x_wconf 86' lang='grc' dir='ltr'>Ε</span> <span class='ocrx_word' id='word_1_271' title='bbox 1281 2254 1301 2286; x_wconf 87' lang='lat'>4</span> <span class='ocrx_word' id='word_1_272' title='bbox 1325 2257 1441 2299; x_wconf 83' lang='grc' dir='ltr'><strong><em>γαμεῖ</em></strong></span> <span class='ocrx_word' id='word_1_273' title='bbox 1461 2255 1515 2293; x_wconf 86' lang='grc' dir='ltr'><strong><em>τε]</em></strong></span> <span class='ocrx_word' id='word_1_274' title='bbox 1540 2256 1715 2297; x_wconf 79' lang='grc' dir='ltr'><strong><em>γαμεῖται</em></strong></span> <span class='ocrx_word' id='word_1_275' title='bbox 1739 2250 1772 2285; x_wconf 90' lang='grc' dir='ltr'>Ε</span> 
     </span>
     <span class='ocr_line' id='line_1_33' title="bbox 154 2303 1728 2354; baseline -0.002 -10"><span class='ocrx_word' id='word_1_276' title='bbox 154 2303 423 2354; x_wconf 76' lang='grc' dir='ltr'><strong><em>*Ἀλεξάνδραν</em></strong></span> <span class='ocrx_word' id='word_1_277' title='bbox 447 2318 515 2343; x_wconf 93' lang='lat' dir='ltr'><strong><em>om.</em></strong></span> <span class='ocrx_word' id='word_1_278' title='bbox 539 2307 611 2341; x_wconf 84' lang='lat' dir='ltr'><strong><em>Lat</em></strong></span> <span class='ocrx_word' id='word_1_279' title='bbox 702 2310 722 2340; x_wconf 84' lang='lat'>6</span> <span class='ocrx_word' id='word_1_280' title='bbox 745 2307 768 2342; x_wconf 91' lang='lat' dir='ltr'><strong><em>i.</em></strong></span> <span class='ocrx_word' id='word_1_281' title='bbox 793 2316 901 2350; x_wconf 83' lang='lat' dir='ltr'><strong>marg.</strong></span> <span class='ocrx_word' id='word_1_282' title='bbox 927 2304 985 2342; x_wconf 80' lang='grc' dir='ltr'><strong><em>ιθ’</em></strong></span> <span class='ocrx_word' id='word_1_283' title='bbox 1011 2307 1062 2342; x_wconf 87' lang='lat' dir='ltr'><strong><em>sic</em></strong></span> <span class='ocrx_word' id='word_1_284' title='bbox 1086 2310 1127 2349; x_wconf 75' lang='grc' dir='ltr'><strong><em>(θ</em></strong></span> <span class='ocrx_word' id='word_1_285' title='bbox 1150 2317 1195 2342; x_wconf 87' lang='lat' dir='ltr'><strong><em>ex</em></strong></span> <span class='ocrx_word' id='word_1_286' title='bbox 1218 2323 1240 2354; x_wconf 89' lang='grc' dir='ltr'><strong><em>η</em></strong></span> <span class='ocrx_word' id='word_1_287' title='bbox 1264 2318 1354 2343; x_wconf 88' lang='lat' dir='ltr'>corr.</span> <span class='ocrx_word' id='word_1_288' title='bbox 1379 2307 1423 2349; x_wconf 85' lang='lat' dir='ltr'><strong><em>F)</em></strong></span> <span class='ocrx_word' id='word_1_289' title='bbox 1446 2307 1510 2342; x_wconf 90' lang='lat' dir='ltr'><strong><em>FL</em></strong></span> <span class='ocrx_word' id='word_1_290' title='bbox 1535 2306 1636 2342; x_wconf 83' lang='lat' dir='ltr'><strong><em>XVI</em></strong></span> <span class='ocrx_word' id='word_1_291' title='bbox 1656 2306 1728 2341; x_wconf 81' lang='lat' dir='ltr'><strong><em>Lat</em></strong></span> 
     </span>
     <span class='ocr_line' id='line_1_34' title="bbox 155 2359 1818 2408; baseline -0.001 -10"><span class='ocrx_word' id='word_1_292' title='bbox 155 2366 174 2398; x_wconf 85' lang='lat'><strong>7</strong></span> <span class='ocrx_word' id='word_1_293' title='bbox 199 2360 364 2408; x_wconf 82' lang='grc' dir='ltr'><strong><em>*πολλὰ]</em></strong></span> <span class='ocrx_word' id='word_1_294' title='bbox 391 2363 448 2400; x_wconf 86' lang='grc' dir='ltr'><strong><em>εἰσ</em></strong></span> <span class='ocrx_word' id='word_1_295' title='bbox 472 2360 594 2400; x_wconf 86' lang='grc' dir='ltr'><strong><em>πολλὰ</em></strong></span> <span class='ocrx_word' id='word_1_296' title='bbox 619 2362 649 2397; x_wconf 91' lang='lat' dir='ltr'><strong>F</strong></span> <span class='ocrx_word' id='word_1_297' title='bbox 651 2362 806 2398; x_wconf 89' lang='lat' dir='ltr'>LAMW</span> <span class='ocrx_word' id='word_1_298' title='bbox 918 2360 1046 2405; x_wconf 82' lang='grc' dir='ltr'><strong><em>αὑτὸν]</em></strong></span> <span class='ocrx_word' id='word_1_299' title='bbox 1072 2359 1190 2400; x_wconf 79' lang='grc' dir='ltr'><strong><em>αὐτὸν</em></strong></span> <span class='ocrx_word' id='word_1_300' title='bbox 1213 2364 1349 2398; x_wconf 85' lang='grc' dir='ltr'>ΡΑΜΕ</span> <span class='ocrx_word' id='word_1_301' title='bbox 1375 2359 1493 2400; x_wconf 78' lang='grc' dir='ltr'><strong><em>αὐτὸν</em></strong></span> <span class='ocrx_word' id='word_1_302' title='bbox 1515 2360 1577 2406; x_wconf 86' lang='grc' dir='ltr'><strong><em>(ὸν</em></strong></span> <span class='ocrx_word' id='word_1_303' title='bbox 1601 2373 1646 2397; x_wconf 83' lang='lat' dir='ltr'><strong><em>ex</em></strong></span> <span class='ocrx_word' id='word_1_304' title='bbox 1669 2365 1702 2398; x_wconf 78' lang='grc' dir='ltr'><strong><em>ιῦ</em></strong></span> <span class='ocrx_word' id='word_1_305' title='bbox 1727 2372 1818 2398; x_wconf 87' lang='lat' dir='ltr'><strong>corr.</strong></span> 
     </span>
     <span class='ocr_line' id='line_1_35' title="bbox 154 2415 1774 2467; baseline -0.001 -13"><span class='ocrx_word' id='word_1_306' title='bbox 154 2419 199 2461; x_wconf 90' lang='lat' dir='ltr'><strong><em>L)</em></strong></span> <span class='ocrx_word' id='word_1_307' title='bbox 222 2420 400 2466; x_wconf 78' lang='grc' dir='ltr'><strong><em>γενέσθαι</em></strong></span> <span class='ocrx_word' id='word_1_308' title='bbox 423 2419 488 2455; x_wconf 84' lang='lat' dir='ltr'><strong><em>FL</em></strong></span> <span class='ocrx_word' id='word_1_309' title='bbox 514 2416 650 2456; x_wconf 77' lang='grc' dir='ltr'><strong><em>ἑαυτὸν</em></strong></span> <span class='ocrx_word' id='word_1_310' title='bbox 672 2419 748 2454; x_wconf 89' lang='lat' dir='ltr'><strong><em>Zon</em></strong></span> <span class='ocrx_word' id='word_1_311' title='bbox 826 2421 845 2453; x_wconf 88' lang='lat'>8</span> <span class='ocrx_word' id='word_1_312' title='bbox 871 2419 1092 2466; x_wconf 80' lang='grc' dir='ltr'><strong><em>*παρέσχεν</em></strong></span> <span class='ocrx_word' id='word_1_313' title='bbox 1115 2416 1358 2467; x_wconf 75' lang='grc' dir='ltr'><strong><em>Ἀντίπατρος</em></strong></span> <span class='ocrx_word' id='word_1_314' title='bbox 1382 2431 1450 2455; x_wconf 92' lang='lat' dir='ltr'><strong><em>om.</em></strong></span> <span class='ocrx_word' id='word_1_315' title='bbox 1469 2419 1499 2454; x_wconf 90' lang='lat' dir='ltr'><strong>F</strong></span> <span class='ocrx_word' id='word_1_316' title='bbox 1593 2415 1614 2455; x_wconf 81' lang='grc' dir='ltr'><em>ὃ</em></span> <span class='ocrx_word' id='word_1_317' title='bbox 1640 2429 1708 2454; x_wconf 92' lang='lat' dir='ltr'><strong><em>om.</em></strong></span> <span class='ocrx_word' id='word_1_318' title='bbox 1733 2418 1774 2453; x_wconf 87' lang='grc' dir='ltr'>Μ</span> 
     </span>
     <span class='ocr_line' id='line_1_36' title="bbox 155 2472 1819 2523; baseline 0.001 -12"><span class='ocrx_word' id='word_1_319' title='bbox 155 2478 176 2511; x_wconf 86' lang='grc'>9</span> <span class='ocrx_word' id='word_1_320' title='bbox 202 2474 478 2523; x_wconf 77' lang='grc' dir='ltr'><strong><em>Μιθριδάτῃ-</em></strong></span> <span class='ocrx_word' id='word_1_321' title='bbox 496 2479 551 2523; x_wconf 83' lang='grc' dir='ltr'><strong><em>τῷ</em></strong></span> <span class='ocrx_word' id='word_1_322' title='bbox 575 2486 643 2511; x_wconf 89' lang='lat' dir='ltr'><strong><em>om.</em></strong></span> <span class='ocrx_word' id='word_1_323' title='bbox 669 2475 715 2509; x_wconf 92' lang='lat' dir='ltr'>W</span> <span class='ocrx_word' id='word_1_324' title='bbox 823 2478 879 2511; x_wconf 80' lang='grc' dir='ltr'><strong><em>τῶ</em></strong></span> <span class='ocrx_word' id='word_1_325' title='bbox 901 2474 1102 2522; x_wconf 77' lang='grc' dir='ltr'><strong><em>μιθριδάτη</em></strong></span> <span class='ocrx_word' id='word_1_326' title='bbox 1124 2476 1157 2517; x_wconf 82' lang='grc' dir='ltr'>Ε</span> <span class='ocrx_word' id='word_1_327' title='bbox 1257 2478 1325 2512; x_wconf 87' lang='grc' dir='ltr'><strong><em>*τε</em></strong></span> <span class='ocrx_word' id='word_1_328' title='bbox 1349 2487 1418 2511; x_wconf 90' lang='lat' dir='ltr'><strong><em>om.</em></strong></span> <span class='ocrx_word' id='word_1_329' title='bbox 1445 2475 1484 2510; x_wconf 90' lang='lat' dir='ltr'>M</span> <span class='ocrx_word' id='word_1_330' title='bbox 1508 2475 1562 2510; x_wconf 88' lang='lat' dir='ltr'><strong><em>ed.</em></strong></span> <span class='ocrx_word' id='word_1_331' title='bbox 1580 2486 1636 2520; x_wconf 86' lang='lat' dir='ltr'><strong><em>pr.</em></strong></span> <span class='ocrx_word' id='word_1_332' title='bbox 1744 2472 1819 2522; x_wconf 82' lang='grc' dir='ltr'><strong><em>γὰρ</em></strong></span> 
     </span>
     <span class='ocr_line' id='line_1_37' title="bbox 156 2529 1821 2580; baseline -0.001 -13"><span class='ocrx_word' id='word_1_333' title='bbox 156 2541 226 2567; x_wconf 89' lang='lat' dir='ltr'><strong><em>om.</em></strong></span> <span class='ocrx_word' id='word_1_334' title='bbox 242 2530 338 2566; x_wconf 90' lang='lat' dir='ltr'><strong><em>PLE</em></strong></span> <span class='ocrx_word' id='word_1_335' title='bbox 407 2533 657 2579; x_wconf 81' lang='grc' dir='ltr'><strong><em>*περγαμινιῦ</em></strong></span> <span class='ocrx_word' id='word_1_336' title='bbox 673 2532 701 2566; x_wconf 90' lang='lat' dir='ltr'>P</span> <span class='ocrx_word' id='word_1_337' title='bbox 768 2530 964 2576; x_wconf 80' lang='grc' dir='ltr'><strong><em>κομίζοντι</em></strong></span> <span class='ocrx_word' id='word_1_338' title='bbox 987 2529 1243 2580; x_wconf 77' lang='grc' dir='ltr'><strong><em>ἐπικουρικὸν]</em></strong></span> <span class='ocrx_word' id='word_1_339' title='bbox 1268 2533 1352 2567; x_wconf 86' lang='lat' dir='ltr'><strong><em>dum</em></strong></span> <span class='ocrx_word' id='word_1_340' title='bbox 1371 2543 1442 2578; x_wconf 80' lang='lat' dir='ltr'><strong><em>per</em></strong></span> <span class='ocrx_word' id='word_1_341' title='bbox 1465 2533 1625 2567; x_wconf 72' lang='lat' dir='ltr'><em>caricum</em></span> <span class='ocrx_word' id='word_1_342' title='bbox 1649 2533 1821 2567; x_wconf 77' lang='lat' dir='ltr'><em>transiret</em></span> 
     </span>
     <span class='ocr_line' id='line_1_38' title="bbox 157 2583 1821 2635; baseline 0.001 -13"><span class='ocrx_word' id='word_1_343' title='bbox 157 2587 230 2624; x_wconf 76' lang='lat' dir='ltr'><strong><em>Lat</em></strong></span> <span class='ocrx_word' id='word_1_344' title='bbox 322 2592 362 2625; x_wconf 91' lang='grc'><strong><em>10</em></strong></span> <span class='ocrx_word' id='word_1_345' title='bbox 387 2590 604 2635; x_wconf 85' lang='grc' dir='ltr'><strong><em>πηλουσίου,</em></strong></span> <span class='ocrx_word' id='word_1_346' title='bbox 627 2588 696 2623; x_wconf 84' lang='lat' dir='ltr'><strong>litt.</strong></span> <span class='ocrx_word' id='word_1_347' title='bbox 722 2591 813 2634; x_wconf 88' lang='grc' dir='ltr'><strong><em>ηλου</em></strong></span> <span class='ocrx_word' id='word_1_348' title='bbox 835 2588 858 2623; x_wconf 83' lang='lat' dir='ltr'><strong><em>i.</em></strong></span> <span class='ocrx_word' id='word_1_349' title='bbox 884 2598 956 2623; x_wconf 84' lang='lat' dir='ltr'><strong>ras.</strong></span> <span class='ocrx_word' id='word_1_350' title='bbox 981 2589 1015 2621; x_wconf 89' lang='lat' dir='ltr'><strong>A</strong></span> <span class='ocrx_word' id='word_1_351' title='bbox 1088 2592 1128 2623; x_wconf 85' lang='lat'><strong><em>15</em></strong></span> <span class='ocrx_word' id='word_1_352' title='bbox 1154 2585 1175 2625; x_wconf 80' lang='grc' dir='ltr'><em>ὃ</em></span> <span class='ocrx_word' id='word_1_353' title='bbox 1203 2590 1390 2633; x_wconf 84' lang='grc' dir='ltr'><strong><em>Σοαίμου]</em></strong></span> <span class='ocrx_word' id='word_1_354' title='bbox 1418 2584 1438 2624; x_wconf 84' lang='grc' dir='ltr'><em>ὃ</em></span> <span class='ocrx_word' id='word_1_355' title='bbox 1458 2588 1662 2632; x_wconf 87' lang='grc' dir='ltr'><strong><em>ουαιμουΡ</em></strong></span> <span class='ocrx_word' id='word_1_356' title='bbox 1688 2583 1709 2624; x_wconf 80' lang='grc' dir='ltr'><em>ὃ</em></span> <span class='ocrx_word' id='word_1_357' title='bbox 1734 2587 1821 2624; x_wconf 75' lang='grc' dir='ltr'><strong><em>υῖὸσ</em></strong></span> 
     </span>
     <span class='ocr_line' id='line_1_39' title="bbox 159 2635 1823 2689; baseline 0 -9"><span class='ocrx_word' id='word_1_358' title='bbox 159 2640 275 2681; x_wconf 80' lang='grc' dir='ltr'><strong><em>αὐτοῦ</em></strong></span> <span class='ocrx_word' id='word_1_359' title='bbox 289 2644 485 2680; x_wconf 88' lang='lat' dir='ltr'>AMWLat</span> <span class='ocrx_word' id='word_1_360' title='bbox 509 2641 529 2681; x_wconf 83' lang='grc' dir='ltr'>ὁ</span> <span class='ocrx_word' id='word_1_361' title='bbox 555 2641 640 2681; x_wconf 77' lang='grc' dir='ltr'><strong><em>υἳὸσ</em></strong></span> <span class='ocrx_word' id='word_1_362' title='bbox 665 2640 781 2682; x_wconf 74' lang='grc' dir='ltr'><strong><em>αὐτοῦ</em></strong></span> <span class='ocrx_word' id='word_1_363' title='bbox 803 2646 867 2680; x_wconf 83' lang='grc' dir='ltr'><strong><em>καὶ</em></strong></span> <span class='ocrx_word' id='word_1_364' title='bbox 891 2647 1109 2688; x_wconf 74' lang='grc' dir='ltr'><strong><em>θολομαῖοσ</em></strong></span> <span class='ocrx_word' id='word_1_365' title='bbox 1135 2640 1155 2680; x_wconf 83' lang='grc' dir='ltr'>ὁ</span> <span class='ocrx_word' id='word_1_366' title='bbox 1181 2644 1324 2689; x_wconf 85' lang='grc' dir='ltr'><strong><em>σοέμου</em></strong></span> <span class='ocrx_word' id='word_1_367' title='bbox 1347 2644 1409 2678; x_wconf 80' lang='lat' dir='ltr'><strong><em>FL</em></strong></span> <span class='ocrx_word' id='word_1_368' title='bbox 1505 2647 1545 2678; x_wconf 86' lang='grc'><strong>16</strong></span> <span class='ocrx_word' id='word_1_369' title='bbox 1571 2643 1699 2686; x_wconf 82' lang='grc' dir='ltr'><strong><em>οἰκῶν]</em></strong></span> <span class='ocrx_word' id='word_1_370' title='bbox 1723 2635 1823 2680; x_wconf 73' lang='lat' dir='ltr'><em>liabi-</em></span> 
     </span>
     <span class='ocr_line' id='line_1_40' title="bbox 160 2696 1823 2748; baseline 0.001 -13"><span class='ocrx_word' id='word_1_371' title='bbox 160 2703 276 2735; x_wconf 75' lang='lat' dir='ltr'><em>tames</em></span> <span class='ocrx_word' id='word_1_372' title='bbox 298 2700 370 2736; x_wconf 79' lang='lat' dir='ltr'><strong><em>Lat</em></strong></span> <span class='ocrx_word' id='word_1_373' title='bbox 437 2701 459 2736; x_wconf 90' lang='lat' dir='ltr'><strong><em>i.</em></strong></span> <span class='ocrx_word' id='word_1_374' title='bbox 483 2711 592 2745; x_wconf 78' lang='lat' dir='ltr'><strong>marg.</strong></span> <span class='ocrx_word' id='word_1_375' title='bbox 618 2698 658 2736; x_wconf 86' lang='grc' dir='ltr'><strong><em>κ’</em></strong></span> <span class='ocrx_word' id='word_1_376' title='bbox 683 2700 713 2735; x_wconf 92' lang='lat' dir='ltr'><strong>F</strong></span> <span class='ocrx_word' id='word_1_377' title='bbox 787 2704 826 2736; x_wconf 75' lang='grc'><strong>18</strong></span> <span class='ocrx_word' id='word_1_378' title='bbox 850 2696 1043 2748; x_wconf 81' lang='grc' dir='ltr'><strong><em>*ἦρίστευε</em></strong></span> <span class='ocrx_word' id='word_1_379' title='bbox 1066 2699 1252 2736; x_wconf 90' lang='lat' dir='ltr'>FLAMW</span> <span class='ocrx_word' id='word_1_380' title='bbox 1325 2704 1364 2736; x_wconf 89' lang='grc'><strong><em>19</em></strong></span> <span class='ocrx_word' id='word_1_381' title='bbox 1388 2698 1617 2748; x_wconf 80' lang='grc' dir='ltr'><strong><em>κατασύρας]</em></strong></span> <span class='ocrx_word' id='word_1_382' title='bbox 1641 2703 1704 2736; x_wconf 83' lang='grc' dir='ltr'><strong><em>καὶ</em></strong></span> <span class='ocrx_word' id='word_1_383' title='bbox 1721 2702 1823 2746; x_wconf 79' lang='grc' dir='ltr'><strong><em>πρῶ-</em></strong></span> 
     </span>
    </p>
   </div>
   <div class='ocr_carea' id='block_1_7' title="bbox 162 2758 1821 2993">
    <p class='ocr_par' dir='ltr' id='par_1_9' title="bbox 162 2758 1821 2993">
     <span class='ocr_line' id='line_1_41' title="bbox 162 2758 1776 2827; baseline 0 -14"><span class='ocrx_word' id='word_1_384' title='bbox 162 2790 234 2814; x_wconf 91' lang='grc' dir='ltr'><strong><em>τοσ</em></strong></span> <span class='ocrx_word' id='word_1_385' title='bbox 255 2777 477 2826; x_wconf 82' lang='grc' dir='ltr'><strong><em>κατασύρασ</em></strong></span> <span class='ocrx_word' id='word_1_386' title='bbox 500 2778 721 2815; x_wconf 83' lang='lat' dir='ltr'>FLAMWE</span> <span class='ocrx_word' id='word_1_387' title='bbox 731 2779 801 2814; x_wconf 84' lang='lat' dir='ltr'><strong><em>Lat</em></strong></span> <span class='ocrx_word' id='word_1_388' title='bbox 869 2758 1102 2827; x_wconf 52' lang='grc' dir='ltr'><strong><em>*κατασύράῒ</em></strong></span> <span class='ocrx_word' id='word_1_389' title='bbox 1118 2790 1146 2814; x_wconf 80' lang='lat' dir='ltr'><strong><em>S.</em></strong></span> <span class='ocrx_word' id='word_1_390' title='bbox 1171 2790 1217 2814; x_wconf 90' lang='lat' dir='ltr'><strong><em>m.</em></strong></span> <span class='ocrx_word' id='word_1_391' title='bbox 1236 2782 1255 2814; x_wconf 84' lang='lat'>2</span> <span class='ocrx_word' id='word_1_392' title='bbox 1271 2779 1302 2813; x_wconf 91' lang='lat' dir='ltr'>L</span> <span class='ocrx_word' id='word_1_393' title='bbox 1371 2782 1435 2816; x_wconf 78' lang='grc' dir='ltr'><strong><em>καὶ</em></strong></span> <span class='ocrx_word' id='word_1_394' title='bbox 1462 2790 1531 2815; x_wconf 89' lang='lat' dir='ltr'><strong><em>om.</em></strong></span> <span class='ocrx_word' id='word_1_395' title='bbox 1554 2779 1776 2814; x_wconf 84' lang='lat' dir='ltr'>FLAMWE</span> 
     </span>
     <span class='ocr_line' id='line_1_42' title="bbox 163 2832 1778 2882; baseline 0.001 -13"><span class='ocrx_word' id='word_1_396' title='bbox 163 2834 358 2881; x_wconf 84' lang='grc' dir='ltr'><strong><em>*παρέσχε</em></strong></span> <span class='ocrx_word' id='word_1_397' title='bbox 382 2838 451 2877; x_wconf 86' lang='grc' dir='ltr'><strong><em>(·εν</em></strong></span> <span class='ocrx_word' id='word_1_398' title='bbox 474 2835 586 2878; x_wconf 84' lang='lat' dir='ltr'><strong><em>A²W)</em></strong></span> <span class='ocrx_word' id='word_1_399' title='bbox 610 2836 731 2871; x_wconf 88' lang='lat' dir='ltr'><strong><em>AMW</em></strong></span> <span class='ocrx_word' id='word_1_400' title='bbox 810 2837 851 2870; x_wconf 86' lang='lat'><strong><em>22</em></strong></span> <span class='ocrx_word' id='word_1_401' title='bbox 874 2832 1056 2877; x_wconf 82' lang='grc' dir='ltr'><strong><em>Ἰουδαῖοι]</em></strong></span> <span class='ocrx_word' id='word_1_402' title='bbox 1081 2835 1241 2872; x_wconf 79' lang='grc' dir='ltr'><strong><em>ἰουδαῖοι</em></strong></span> <span class='ocrx_word' id='word_1_403' title='bbox 1266 2835 1454 2882; x_wconf 86' lang='grc' dir='ltr'><strong><em>αἰγύπτιοι</em></strong></span> <span class='ocrx_word' id='word_1_404' title='bbox 1478 2835 1778 2871; x_wconf 81' lang='lat' dir='ltr'>FLAMWELat</span> 
     </span>
     <span class='ocr_line' id='line_1_43' title="bbox 166 2887 1821 2939; baseline 0.002 -15"><span class='ocrx_word' id='word_1_405' title='bbox 166 2887 203 2925; x_wconf 80' lang='grc' dir='ltr'><strong><em>οἱ</em></strong></span> <span class='ocrx_word' id='word_1_406' title='bbox 226 2900 293 2925; x_wconf 92' lang='lat' dir='ltr'><strong><em>om.</em></strong></span> <span class='ocrx_word' id='word_1_407' title='bbox 317 2891 505 2928; x_wconf 86' lang='lat' dir='ltr'>LAMWE</span> <span class='ocrx_word' id='word_1_408' title='bbox 609 2891 814 2939; x_wconf 80' lang='grc' dir='ltr'><strong><em>λεγομένην</em></strong></span> <span class='ocrx_word' id='word_1_409' title='bbox 835 2889 968 2938; x_wconf 80' lang='grc' dir='ltr'><strong><em>χώραν</em></strong></span> <span class='ocrx_word' id='word_1_410' title='bbox 990 2893 1035 2927; x_wconf 87' lang='lat' dir='ltr'><strong><em>tr.</em></strong></span> <span class='ocrx_word' id='word_1_411' title='bbox 1061 2891 1279 2926; x_wconf 85' lang='lat' dir='ltr'>FLAMWE</span> <span class='ocrx_word' id='word_1_412' title='bbox 1382 2889 1513 2938; x_wconf 81' lang='grc' dir='ltr'><strong><em>χώραν</em></strong></span> <span class='ocrx_word' id='word_1_413' title='bbox 1536 2892 1619 2927; x_wconf 83' lang='lat' dir='ltr'><strong>fort.</strong></span> <span class='ocrx_word' id='word_1_414' title='bbox 1647 2891 1821 2937; x_wconf 83' lang='lat' dir='ltr'><strong>spurium,</strong></span> 
     </span>
     <span class='ocr_line' id='line_1_44' title="bbox 166 2944 1324 2993; baseline 0.002 -13"><span class='ocrx_word' id='word_1_415' title='bbox 166 2944 212 2980; x_wconf 83' lang='lat' dir='ltr'><strong><em>cf.</em></strong></span> <span class='ocrx_word' id='word_1_416' title='bbox 235 2945 323 2980; x_wconf 91' lang='lat' dir='ltr'><strong><em>XIII</em></strong></span> <span class='ocrx_word' id='word_1_417' title='bbox 347 2950 411 2982; x_wconf 80' lang='lat'><strong><em>287</em></strong></span> <span class='ocrx_word' id='word_1_418' title='bbox 505 2951 547 2983; x_wconf 84' lang='lat'><strong><em>25</em></strong></span> <span class='ocrx_word' id='word_1_419' title='bbox 572 2947 642 2985; x_wconf 81' lang='grc' dir='ltr'><strong><em>*ἐν</em></strong></span> <span class='ocrx_word' id='word_1_420' title='bbox 667 2945 725 2991; x_wconf 84' lang='grc' dir='ltr'><strong><em>αἷς</em></strong></span> <span class='ocrx_word' id='word_1_421' title='bbox 743 2969 782 2973; x_wconf 84' lang='grc'>-</span> <span class='ocrx_word' id='word_1_422' title='bbox 802 2950 879 2991; x_wconf 77' lang='lat'>264,</span> <span class='ocrx_word' id='word_1_423' title='bbox 897 2950 917 2982; x_wconf 86' lang='lat'>2</span> <span class='ocrx_word' id='word_1_424' title='bbox 941 2945 1134 2993; x_wconf 78' lang='grc' dir='ltr'><strong><em>ῧπήκουον</em></strong></span> <span class='ocrx_word' id='word_1_425' title='bbox 1157 2957 1225 2983; x_wconf 88' lang='lat' dir='ltr'><strong><em>om.</em></strong></span> <span class='ocrx_word' id='word_1_426' title='bbox 1251 2947 1324 2983; x_wconf 81' lang='lat' dir='ltr'><strong><em>Lat</em></strong></span> 
     </span>
    </p>
   </div>
   <div class='ocr_carea' id='block_1_8' title="bbox 1840 643 1914 683">
    <p class='ocr_par' dir='ltr' id='par_1_10' title="bbox 1840 643 1914 683">
     <span class='ocr_line' id='line_1_45' title="bbox 1840 643 1914 683; baseline -0.014 0"><span class='ocrx_word' id='word_1_427' title='bbox 1840 643 1914 683; x_wconf 85' lang='grc'><strong>127</strong></span> 
     </span>
    </p>
   </div>
   <div class='ocr_carea' id='block_1_9' title="bbox 1839 846 1917 886">
    <p class='ocr_par' dir='ltr' id='par_1_11' title="bbox 1839 846 1917 886">
     <span class='ocr_line' id='line_1_46' title="bbox 1839 846 1917 886; baseline 0 0"><span class='ocrx_word' id='word_1_428' title='bbox 1839 846 1917 886; x_wconf 72' lang='grc'><strong>128</strong></span> 
     </span>
    </p>
   </div>
   <div class='ocr_carea' id='block_1_10' title="bbox 1842 1118 1920 1158">
    <p class='ocr_par' dir='ltr' id='par_1_12' title="bbox 1842 1118 1920 1158">
     <span class='ocr_line' id='line_1_47' title="bbox 1842 1118 1920 1158; baseline 0 0"><span class='ocrx_word' id='word_1_429' title='bbox 1842 1118 1920 1158; x_wconf 88' lang='grc'><strong>129</strong></span> 
     </span>
    </p>
   </div>
   <div class='ocr_carea' id='block_1_11' title="bbox 1844 1318 1921 1358">
    <p class='ocr_par' dir='ltr' id='par_1_13' title="bbox 1844 1318 1921 1358">
     <span class='ocr_line' id='line_1_48' title="bbox 1844 1318 1921 1358; baseline 0 0"><span class='ocrx_word' id='word_1_430' title='bbox 1844 1318 1921 1358; x_wconf 85' lang='grc'><strong>130</strong></span> 
     </span>
    </p>
   </div>
   <div class='ocr_carea' id='block_1_12' title="bbox 1846 1591 1920 1632">
    <p class='ocr_par' dir='ltr' id='par_1_14' title="bbox 1846 1591 1920 1632">
     <span class='ocr_line' id='line_1_49' title="bbox 1846 1591 1920 1632; baseline -0.027 0"><span class='ocrx_word' id='word_1_431' title='bbox 1846 1591 1920 1632; x_wconf 89' lang='grc'><strong><em>131</em></strong></span> 
     </span>
    </p>
   </div>
  </div>
 </body>
</html>
