2107 3377
177 440 256 481 341

288 190 374 229 394
721 187 883 231 ANTIQ.
909 187 1007 223 IUD.
1031 186 1100 223 xv
1124 189 1303 222 340-344
1326 189 1386 230 (ιε.
1403 192 1431 218 e.
1448 189 1480 217 x.
1497 189 1528 230 1)

289 299 331 345 δ’
359 301 566 360 ἐγκαρσία
596 302 748 353 πάσας
776 299 1011 353 ὑπέζωκεν,
1048 297 1106 350 ὡς
1136 299 1238 351 τούς
1267 316 1314 343 τε
1345 297 1535 354 ὄμβρους
1565 294 1766 355 εὗμαριῦς
1794 300 1869 342 καὶ
1899 299 1955 343 τὰ

291 370 464 426 λύματα
488 373 576 413 τῶν
597 370 838 428 οἰκητόρων
859 368 1203 411 συνεκδίδοσθαι
1222 368 1298 426 τήν
1319 383 1366 410 τε
1388 367 1630 419 θάλατταν,
1662 362 1768 409 ὅταν
1788 365 1957 417 ἔξωθεν

292 437 535 495 ἐπείγηται,
567 437 762 492 διαρρεῖν
782 437 854 480 καὶ
876 435 952 494 τὴν
974 435 1213 490 σύμπασαν
1234 433 1490 486 ὑποκλύζειν
1511 434 1657 478 πόλιν.
1696 433 1957 478 κατεσκεύα-

292 505 359 558 ζεν
391 501 432 548 δ)
460 505 504 548 ἐν
526 501 635 562 αὐτῇ
664 507 737 548 καὶ
768 508 962 560 θέατρον
981 505 1055 546 καὶ
1085 502 1198 559 πρὸς
1229 505 1292 560 τῷ
1313 506 1445 559 νοτίῳ
1467 504 1544 545 τοῦ
1566 503 1740 556 λιμένος
1760 499 1957 546 ὄπισθεν

290 569 606 630 ἀμφιθέατρον
637 571 779 615 πολὺν
809 569 937 626 ὄχλον
969 567 1226 627 ἀνθρώπων
1257 571 1468 624 δέχεσθαι
1499 569 1738 624 δυνάμενον
1765 571 1840 613 καὶ
1869 573 1960 613 κεί-

289 657 422 696 μενον
453 639 716 697 ἐπιτηδείως
754 635 1025 683 ἀποπτεύειν
1056 638 1120 689 εἰς
1157 638 1236 697 τὴν
1266 639 1516 681 θάλασσαν.
1575 635 1600 694 ἡ
1633 637 1712 692 μὲν
1743 636 1793 694 δὴ
1825 636 1959 688 πόλις

291 708 431 759 οὕτως
470 707 730 764 ἐξετελέσθη
763 707 1024 751 δωδεκαετεῖ
1054 706 1197 761 χρόνῳ
1232 709 1305 750 καὶ
1343 715 1441 757 ταῖς
1472 705 1698 762 ἐργασίαις
1729 700 1805 748 οὐκ
1835 703 1960 761 ἐγκα-

291 776 452 831 μόντος
481 777 554 818 καὶ
586 784 684 826 ταῖς
716 774 939 826 δαπάναις
969 774 1294 831 ἐπαρκέσαντος
1323 776 1400 817 τοῦ
1429 774 1659 829 βασιλέως.

405 845 460 887 Χ.
495 848 531 886 1.
558 839 656 886 Ἐπὶ
686 843 906 894 τοιούτοις
936 843 982 886 δὲ
1004 836 1064 885 ὢν
1085 844 1157 886 καὶ
1178 845 1254 900 τῆς
1274 844 1497 900 Σεβαστῆς
1527 839 1606 899 ἤδη
1631 841 1962 898 πεπολισμένης

294 910 402 967 ἔγνω
432 910 535 962 τοὺς
565 910 732 960 παῖδας
764 906 896 954 αἰτοῦ
929 914 1124 964 πέμπειν
1156 909 1218 960 εἷς
1243 907 1410 967 Ῥώμην
1430 905 1717 964 Ἀλέξανδρον
1747 908 1819 950 καὶ
1842 902 1963 963 Ἀρι-

250 985 257 999 “
294 978 544 1044 στόβουλον,
579 978 942 1034 συντευξομένους
971 981 1181 1032 Καίσαρι.
1231 977 1406 1027 τούτοις
1437 973 1702 1020 ἀνελθοῦσιν
1732 972 1958 1031 καταγωγὴ

290 1047 370 1101 μὲν
400 1045 452 1102 ’ἦν
483 1047 741 1097 Πολλίωνος
781 1044 898 1097 οἶκος
937 1042 1098 1100 ἀνδρὸς
1131 1047 1219 1087 τῶν
1249 1044 1445 1098 μάλιστα
1475 1043 1824 1087 σπουδασάντων
1855 1043 1962 1098 περὶ

289 1111 590 1171 τὴν“Ηριύδου
621 1116 789 1172 φιλίαν,
822 1112 971 1170 ἐφεῖτο
1004 1113 1050 1155 δὲ
1081 1107 1159 1155 κάν
1187 1121 1281 1162 τοῖς
1302 1116 1531 1167 Καίσαρος
1559 1110 1858 1167 κατάγεσθαι·
1886 1111 1962 1153 καὶ

290 1181 373 1237 γὰρ
397 1181 621 1232 ἐξεδέξατο
642 1181 753 1236 μετὰ
776 1181 924 1237 πάσης
956 1182 1308 1237 φιλανθρωπίας
1337 1178 1440 1230 τοὺς
1464 1179 1652 1229 παῖδας·
1684 1179 1756 1221 καὶ
1779 1177 1962 1221 δίδωσιν

287 1247 466 1306 (Ηρώδῃ
498 1247 576 1306 τὴν
605 1250 838 1304 βασιλείαν
870 1243 958 1304 ὅτῳ
987 1247 1195 1302 βούλεται
1225 1249 1434 1302 βεβαιοῦν
1464 1248 1552 1289 τῶν
1584 1245 1631 1297 ἐξ
1668 1241 1802 1289 αὐτοῦ
1838 1261 1964 1302 γεγο-

293 1316 454 1369 νότων,
494 1318 568 1359 καὶ
602 1316 748 1371 χώραν
779 1316 845 1359 ἔτι
875 1316 951 1360 τόν
980 1332 1029 1359 τε
1064 1314 1275 1371 Τράχωνα
1312 1317 1386 1358 καὶ
1418 1318 1673 1358 Βαταναίαν
1703 1315 1777 1357 καὶ
1805 1308 1963 1370 Αὔρα-

180 1390 263 1431 344
294 1394 426 1428 νῑτιν·
467 1384 625 1428 ἔδωκεν
657 1385 704 1428 δὲ
735 1383 809 1428 διὰ
840 1384 1048 1442 τοιαύτην
1081 1383 1229 1426 αἰτίαν
1259 1381 1545 1439 παραλαβών.
1596 1380 1860 1439 Ζηνόδωρός
1895 1395 1964 1431 τις

293 1451 578 1507 ἐμεμίσθωτο
608 1451 685 1495 τὸν
716 1450 835 1495 οἶκον
855 1451 932 1495 τὸν
953 1455 1202 1495 Λυσανίου.
1247 1451 1390 1506 τούτῳ
1410 1449 1465 1492 τὰ
1485 1450 1565 1504 μὲν
1585 1448 1696 1492 κατὰ
1718 1448 1798 1500 τὰς
1822 1454 1964 1505 προσ-

293 1517 424 1571 ὁδους
455 1516 531 1563 οὐκ
560 1517 703 1577 ἤρκει,
742 1519 798 1562 τὰ
830 1516 1043 1577 λῃστήρια
1075 1519 1121 1562 δὲ
1152 1518 1260 1573 ἔχων
1292 1517 1336 1561 ἐν
1366 1520 1429 1574 τῷ
1464 1517 1666 1573 Τράχωνι
1704 1518 1846 1560 πλείω
1884 1514 1964 1572 τὴν

293 1588 518 1645 πρόσοδον
558 1588 734 1646 ἔφερεν·
782 1588 952 1631 οἰκοῦσι
989 1588 1072 1644 γὰρ
1114 1584 1268 1642 ἄνδρες
1309 1585 1356 1637 ἐξ
1399 1582 1618 1636 ἀπονοίας
1665 1584 1821 1637 ζῶντες
1862 1582 1965 1635 τοὺς

292 1655 480 1709 τόπους,
524 1658 568 1698 οἳ
597 1654 652 1698 τὰ
682 1657 991 1713 Δαμασκηνῶν
1023 1654 1245 1712 ἐλῄζοντο,
1285 1657 1356 1698 καὶ
1393 1653 1655 1711 Ζηνόδωρος
1694 1648 1790 1696 οὔτ’
1826 1649 1964 1708 εἶργεν

406 1778 426 1818 ξ
451 1778 516 1810 342
543 1775 588 1811 cf.
614 1775 694 1811 bell.
720 1775 798 1809 Iud.
825 1775 842 1809 I
866 1778 949 1818 435;
988 1777 1008 1818 ξ
1036 1778 1100 1809 344
1114 1785 1165 1819 sq.
1191 1792 1235 1804 =
1259 1774 1341 1809 bell.
1367 1773 1444 1809 Iud.
1471 1774 1487 1807 Ι
1513 1775 1590 1808 393.

407 1883 691 1918 PFLAMVWE
702 1883 940 1918 LatZonaras
965 1883 982 1917 I
1006 1893 1041 1926 p.
1061 1885 1138 1916 434.
1182 1882 1259 1916 Exc
1284 1882 1328 1915 de
1352 1881 1602 1924 legationibus.

411 1944 426 1975 1
454 1940 493 1977 δὲ
522 1940 742 1975 FLAMVW
857 1940 1038 1985 ενκαρσιά
1071 1938 1131 1973 PF
1249 1941 1267 1972 ’.Ξ
1303 1939 1541 1974 σι’νδίὸοσθαι
1574 1936 1619 1970 W
1738 1931 1898 1978 ἔξωθεν,
1929 1931 1969 1978 ἔξ

294 1998 318 2032 ἰ.
335 2007 405 2033 ras.
423 1997 462 2032 M
556 1999 575 2032 3
599 1994 782 2043 ἐπιγηται,
806 2011 828 2042 η
852 2005 896 2030 ex
921 2008 951 2031 ει
977 2005 1068 2030 corr.
1087 1995 1115 2029 P
1140 1994 1353 2041 ἐπιγένηται
1380 1993 1597 2029 FLAMVW
1690 1995 1847 2038 διαιρεῖν
1870 1990 1898 2026 Ρ

293 2051 550 2091 κατεσκεύασε
575 2056 669 2094 (·σεν
691 2053 802 2094 A¹W)
826 2051 1044 2087 FLAMVW
1138 2054 1159 2085 4
1183 2049 1224 2087 ἐν
1249 2061 1316 2086 om.
1343 2049 1563 2085 FLAMVW
1600 2069 1603 2073 <
1654 2049 1834 2095 θέατρον]
1859 2047 1968 2083 PLat

294 2110 464 2157 θέατρον
487 2108 530 2146 ἐκ
554 2109 700 2157 πέτρασ
724 2109 752 2143 F
756 2109 944 2144 LAMVW
1043 2111 1063 2143 6
1087 2104 1284 2144 θάλατταν
1308 2106 1336 2141 F
1340 2106 1528 2141 LAMVW
1622 2110 1638 2140 ἰ’
1666 2107 1901 2150 *δωδεκαετῆ
1922 2104 1967 2147 V,

294 2167 376 2202 uide
400 2167 487 2202 XVI
516 2169 576 2201 136
676 2169 694 2200 8
719 2165 1082 2211 κατεπαρκὲσαντοσ
1107 2165 1180 2199 ΑΜ
1286 2167 1305 2198 9
1331 2160 1512 2199 *τούτοισ
1536 2163 1565 2197 F
1664 2160 1730 2209 ἤδη
1753 2172 1822 2197 om.
1847 2160 1876 2196 P

298 2228 338 2259 10
363 2221 488 2270 *ἔγνω
520 2223 590 2258 inc.
619 2223 697 2258 Exc
812 2217 1122 2268 *α’ριστόβουλον
1151 2221 1217 2257 καί
1247 2216 1476 2267 ἀλέξανδρον
1498 2224 1543 2254 tr.
1569 2219 1597 2254 P
1708 2222 1743 2254 11
1772 2220 1967 2261 συντευξα-

293 2281 435 2326 μένουσ
451 2280 481 2314 L
507 2279 867 2324 συνεντευξομένουσ
886 2279 925 2313 Μ
948 2277 1239 2322 ἐντευξομένουσ
1255 2277 1287 2311 Ε
1378 2279 1417 2311 12
1441 2271 1498 2323 ἦν]
1523 2271 1567 2322 ἧν
1586 2271 1606 2312 ὅ
1624 2274 1878 2311 FLAMVWE
1889 2273 1967 2310 Exc

409 2338 605 2373 πολίωνοσ
634 2336 683 2371 E¹
716 2336 936 2371 παλλίωνοσ
967 2335 1046 2369 Exc
1086 2335 1289 2375 Πωλίωνος
1320 2333 1464 2368 Bekker
1600 2330 1813 2377 *μάλλιστα
1844 2331 1875 2366 L

297 2396 336 2429 13
362 2394 503 2440 φιλίαν]
528 2394 727 2439 βασιλείαν
744 2392 863 2443 EExc
947 2394 1022 2434 καὶ]
1049 2386 1093 2428 οὐ
1112 2391 1142 2426 Ε
1228 2394 1266 2425 14
1285 2389 1436 2433 ἐδέξατο
1454 2388 1708 2424 FLAMVWE
1719 2387 1798 2423 Exe
1875 2389 1970 2424 *καὶ

295 2471 337 2475 -
366 2454 405 2485 17
431 2447 681 2497 παραλαβών]
704 2448 890 2495 pollicitus
913 2447 1092 2482 lfcenu'am
1120 2447 1245 2483 herodi
1266 2451 1457 2494 praestare
1482 2457 1585 2491 quem
1612 2444 1717 2480 uellet
1739 2445 1807 2480 sibi
1830 2454 1969 2479 succes-

294 2519 413 2542 sorem
438 2507 642 2552 relinquere
666 2507 816 2551 insuper
840 2510 872 2539 el
902 2505 1132 2550 prouinciam
1159 2503 1365 2539 wachonem
1396 2506 1431 2537 et
1459 2501 1643 2537 bellaniam
1675 2501 1734 2536 uel
1763 2500 1966 2536 aut-animm

297 2565 329 2598 ci
355 2565 528 2599 concessit
551 2561 755 2597 huiusmodi
781 2562 970 2596 occasione
993 2561 1063 2595 Lat
1155 2561 1344 2601 *dldwouff
1369 2561 1503 2595 δωσειν
1526 2558 1552 2592 P
1643 2561 1681 2593 15
1706 2554 1810 2602 *τὴν1
1836 2554 1902 2602 τήν
1927 2569 1968 2593 τε

297 2620 426 2654 FA¹W
438 2620 515 2655 Exc
540 2620 622 2655 fort.
641 2624 738 2654 recte
838 2620 877 2652 16
902 2615 994 2660 *ξ’τι]
1021 2631 1079 2654 em
1098 2617 1126 2651 P
1152 2614 1203 2653 ἔτι
1222 2617 1450 2663 προστίθησι
1478 2615 1555 2650 coni
1638 2617 1690 2655 τε]
1716 2627 1756 2650 τε
1773 2613 1833 2650 ἐπὶ
1851 2612 1898 2647 W

296 2675 527 2724 '‘zpdpzwva
552 2677 582 2711 L
675 2677 930 2722 *βατανιαιαν
946 2674 974 2709 P
997 2674 1189 2721 βαταναία
1209 2672 1237 2706 L
1262 2673 1472 2719 βεταναιάν
1497 2671 1574 2706 Exc
1667 2665 1871 2717 αι’·ρανίτην
1888 2669 1967 2704 LW

297 2730 498 2781 ἀβρανῐτιν
521 2733 587 2769 VE
721 2735 755 2766 l‘a
782 2730 819 2767 δὲ
845 2742 913 2766 om.
939 2729 1283 2765 FLAMVWEExc
1314 2729 1395 2763 fort.
1421 2732 1516 2763 recte
1631 2723 1869 2774 παραλαβών
1898 2735 1966 2761 om.

299 2790 379 2825 WE
391 2791 468 2826 Exc
554 2793 592 2825 18
617 2790 858 2834 ἐμεμίσθοτω
876 2787 923 2822 W
947 2783 1191 2831 ἐμισθώσατο
1212 2786 1243 2821 Ε
1328 2781 1408 2826 τὸν]
1437 2787 1502 2820 τοῦ
1520 2782 1740 2818 FAMVWE
1824 2784 1965 2819 *τοῦτο

298 2846 328 2880 L
428 2843 503 2882 *τὰ
529 2856 594 2880 om.
623 2846 651 2880 F
753 2841 1008 2891 *προσώδουσ
1032 2843 1062 2878 L
1172 2846 1209 2877 19
1241 2839 1285 2878 τὰ
1312 2853 1381 2877 om.
1410 2840 1440 2874 E
1543 2842 1584 2873 20
1611 2836 1749 2886 *ἔφερε
1776 2838 1805 2873 F
1899 2835 1971 2881 *ἐξ

298 2898 488 2944 α’πονοίας
511 2905 650 2947 ζῶντες
679 2912 748 2936 om.
766 2900 812 2935 W
942 2903 980 2935 21
1009 2901 1314 2946 *δαμασηκανῶν
1337 2895 1552 2943 λεληίζοντο
1581 2895 1657 2929 Exc
1772 2894 1966 2942 ἐληΐζοντο

299 2958 402 2994 codd.
428 2958 478 2999 E,
511 2969 603 2994 corr.
628 2958 770 2993 ssekker
878 2955 964 2993 οὔτε
990 2956 1231 2991 FAMWExe
1336 2948 1448 3000 ἧργεν
1473 2963 1515 2986 ox
1541 2962 1632 2987 corr.
1660 2951 1688 2986 L
