2107 3377
121 916 202 958 258

121 1122 203 1162 259

232 190 312 228 116
693 185 854 229 ANTIQ.
880 183 977 220 IUD.
1003 183 1073 218 XII
1097 185 1272 218 256--261
1299 185 1343 226 (ν.
1360 190 1388 216 4.
1404 186 1436 224 5)

230 306 402 360 ροῦντο,
434 300 514 352 τὰς
544 301 591 344 δὲ
621 308 827 356 γυναῖκας
864 299 938 340 καὶ
976 296 1081 348 τοὺς
1120 297 1287 347 παῖδας
1320 291 1475 347 αἰτῶν,
1509 293 1584 343 οὓς
1613 296 1901 348 περιέτεμνον

231 369 358 427 παρὰ
397 367 476 427 τὴν
514 369 592 410 τοῦ
631 367 851 422 βασιλέως
889 369 1167 421 προαίρεσιν,
1211 360 1408 420 ἀπῆγχον
1453 361 1498 405 ἐκ
1541 363 1630 403 τῶν
1674 361 1901 417 τραχήλων

235 435 394 488 αὐτους
425 438 511 479 τῶν
543 430 942 489 ἀνεσταυρωμένων
970 435 1132 489 γονέων
1165 427 1464 487 ἀπαρτῶντες.
1524 425 1762 487 ἠφανίζετο
1786 424 1827 471 δ’
1863 428 1907 471 ει’

234 524 322 550 που
361 505 516 560 βίβλος
554 499 758 558 εὗρεθείη
800 500 897 557 ἱερὰ
933 502 1007 544 καὶ
1047 500 1200 555 νόμος,
1248 500 1321 542 καὶ
1366 493 1476 553 παρ)
1513 496 1580 547 οἷς
1631 494 1791 554 εὑρέθη
1830 497 1903 540 καὶ

235 570 362 618 αὐτοὶ
393 572 518 615 κακοὶ
548 571 690 619 κακῶς
723 564 1000 612 ἀπώλλυντο.

348 645 387 684 5.
425 640 575 682 Ταῦτα
603 637 844 691 βλέποντες
875 637 918 679 οἱ
948 640 1223 691 Σαμαρεῖται
1254 633 1508 687 πάσχοντας
1538 631 1642 683 τοὺς
1666 628 1908 682 Ἰουδαίους

234 704 387 753 οὐκέθ’
415 701 669 762 ὡμολόγουν
701 701 860 755 αὖτοὺς
891 702 1006 748 εἶναι
1037 711 1256 759 συγγενεῖς
1289 697 1433 744 αὐτῶν
1466 696 1566 744 οὐδὲ
1595 699 1673 744 τὸν
1705 699 1748 743 ἐν
1771 703 1812 743 Γ
1810 715 1908 755 αρι-

234 778 320 830 ζεὶν
343 775 449 819 ναὸν
475 775 555 817 τοῦ
575 777 785 829 μεγίστου
805 773 930 824 θεοῦ,
951 773 1007 828 τῇ
1029 770 1162 828 φύσει
1182 771 1417 820 ποιοῦντες
1439 765 1722 821 ἀκόλουθα,
1704 766 1756 826 ἠν
1779 766 1907 824 δεδη-

235 845 446 899 λώκαμεν,
485 843 559 885 καὶ
596 842 793 897 λέγοντες
833 855 993 889 αυτους
1029 838 1197 895 Μήδων
1236 833 1451 916 ἀποίκους
1492 838 1566 880 καὶ
1596 836 1804 891 Περσῶν·
1835 835 1909 878 καὶ

234 912 317 968 γάρ
365 911 477 954 εἰσιν
512 909 680 952 τούτων
727 924 924 950 αποικοι.
994 909 1255 963 πέμψαντες
1294 904 1370 949 ου’-ν
1415 903 1530 961 πρὸς
1582 903 1660 947 τὸν
1688 899 1912 956 Ἀντίοχον

234 983 446 1036 πρέσβεις
499 979 573 1020 καὶ
627 974 868 1031 ἐπιστολὴν
914 973 1095 1031 ἐδήλουν
1139 973 1193 1016 τὰ
1239 971 1629 1029 ὓπογεγραμιιένα·
1707 971 1915 1026 »βασιλεῖ

229 1044 446 1103 Ἀντιόχῳ
478 1047 574 1101 θεῷ
606 1043 820 1100 ἐπιφανεῖ
854 1039 1097 1099 ὑπόμνημα
1118 1039 1242 1096 παρὰ
1261 1043 1349 1083 τῶν
1371 1039 1416 1083 ἐν
1437 1044 1640 1095 Σικίμοις
1669 1039 1910 1083 Σιδωνίων.

236 1117 280 1160 οἳ
310 1113 518 1172 ἡμέτεροι
547 1111 762 1168 πρόγονοι
794 1109 868 1153 διά
898 1125 1023 1159 τινας
1054 1104 1246 1163 αὐχμοὺς
1283 1111 1362 1166 τῆς
1387 1108 1535 1162 χώρας
1567 1105 1913 1163 παρακολουθή-

236 1199 392 1233 σαντες
429 1177 591 1238 ἀρχαίᾳ
624 1181 713 1223 τινὶ
745 1177 1075 1234 δεισιδαιμονία
1105 1176 1214 1226 ἔθος
1243 1175 1463 1233 ἐποίησαν
1492 1179 1637 1231 σέβειν
1672 1175 1751 1232 τὴν
1786 1172 1912 1228 παρὰ

233 1260 329 1301 τοῖς
339 1246 572 1299 Ιουδαίοις
598 1249 831 1303 Ιεγοιιένην
853 1245 1089 1300 σαββάτων
1109 1242 1288 1301 ἡιιέραν,
1313 1243 1597 1298 ιδρυσάμενοι
1619 1244 1666 1287 δὲ
1688 1239 1915 1297 ἀνώνυμον

123 1392 204 1433 260

125 1661 202 1701 261

237 1336 281 1363 εν
311 1320 375 1375 τῶ
407 1316 610 1373 Γαριζεὶν
642 1316 860 1370 λεγομένω
892 1310 987 1365 ὄρει
1019 1311 1138 1366 ιερὸν
1169 1312 1304 1355 ε’θιον
1347 1307 1422 1355 επ’
1474 1307 1608 1355 αὐτοῦ
1652 1311 1732 1361 τὰς
1770 1312 1915 1367 καθη-

236 1386 398 1437 κούσας
427 1388 607 1434 θυσίας.
669 1383 749 1426 σοῦ
780 1381 828 1424 δὲ
857 1390 952 1432 τοῖς
976 1377 1207 1430 Ἰουδαίοις
1248 1382 1325 1438 τῆς
1354 1383 1573 1437 πονηρίας
1603 1374 1748 1422 αὐτῶν
1779 1373 1915 1428 ἀξίως

233 1457 530 1512 χρησαμένου,
571 1452 614 1495 οἱ
652 1449 708 1493 τὰ
737 1448 951 1505 βασιλικὰ
981 1448 1250 1499 διοικοῦντες
1291 1447 1489 1503 οἰόμενοι
1519 1446 1631 1491 κατὰ
1663 1448 1915 1503 συγγένειαν

235 1521 352 1603 ημᾶς
372 1517 512 1565 ταυτα
529 1528 678 1563 ποιεῖν
702 1517 883 1568 εκείνοις
898 1526 998 1567 ταῖς
1019 1514 1199 1571 ὁμοίαις
1221 1515 1389 1567 αἰτίαις
1409 1515 1762 1598 περιάπτουσιν,
1774 1510 1914 1557 ὄντων

236 1589 360 1649 ημῶν
406 1588 455 1632 τὸ
504 1584 720 1631 ἀνέκαθεν
765 1586 1021 1638 Σιδωνίων,
1065 1586 1139 1628 καὶ
1183 1600 1313 1627 τοιτο
1354 1583 1546 1640 φανερόν
1585 1582 1705 1627 ἐστιν
1744 1599 1790 1625 εκ
1827 1583 1915 1625 τῶν

238 1659 482 1702 πολιτικῶν
514 1652 798 1712 ἀναγραφῶν.
860 1653 1066 1708 αξιοῦμεν
1099 1651 1175 1696 οὖν
1207 1667 1256 1695 σε
1286 1651 1362 1695 τὸν
1385 1648 1609 1709 εὐεργέτην
1639 1652 1712 1694 καὶ
1735 1651 1914 1707 σωτῆρα

238 1725 490 1783 προστάξαι
516 1721 810 1779 Ἀπολλωνία)
840 1723 904 1778 τῶ
940 1720 1178 1777 μεριδάρχῃ
1201 1721 1274 1763 καὶ
1296 1719 1513 1775 Νικάνορι
1542 1736 1604 1775 τῳ
1626 1718 1683 1761 τὰ
1702 1716 1913 1773 βασιλικά

239 1794 482 1851 πράττοντι
527 1791 662 1850 μηδὲν
707 1788 810 1849 ἡμῖν
857 1789 1047 1843 ἐνοχλεῖν
1092 1787 1408 1844 προσάπτουσι
1449 1786 1530 1837 τὰς
1558 1788 1648 1829 τῶν
1673 1782 1913 1829 Ἰουδαίων

355 1919 376 1962 ξ
401 1920 466 1953 256
492 1935 533 1946 ==
564 1915 763 1951 1.Macc.1
789 1918 893 1958 56sq.

354 2028 640 2066 PFLAMVWE
651 2028 722 2063 Lat
735 2028 897 2063 Zonaras
922 2027 939 2061 I
964 2039 998 2071 p.
1019 2031 1096 2061 2567.

360 2092 372 2122 1
400 2085 654 2133 *περιέτεαον
679 2084 761 2120 coni
876 2086 895 2118 2
921 2079 1133 2129 *α’πὴγχων
1157 2083 1236 2117 FL¹
1353 2086 1372 2117 3
1398 2079 1645 2129 άναρτῶντεσ
1671 2081 1704 2116 Ε
1807 2075 1855 2122 δ’]
1881 2079 1920 2117 δὲ

241 2144 398 2180 AMVW
424 2143 462 2180 δὲ
485 2145 548 2178 καὶ
574 2142 605 2176 Ε
677 2145 697 2176 4
721 2143 815 2177 *καὶ
839 2143 936 2181 (ante
961 2136 1073 2186 παρ’)
1097 2149 1154 2174 om
1190 2139 1251 2173 FL
1337 2135 1475 2186 εὑρεθῆ
1499 2138 1603 2174 ΡΜΕ
1628 2134 1799 2185 εὑρεθείη
1822 2136 1920 2172 FLV

358 2205 377 2235 5
405 2195 526 2241 αὐτοὶ]
553 2192 659 2235 οὗτοι
676 2197 933 2232 FLAMVWE
1025 2193 1284 2233 *ἀπόλλυνται
1311 2196 1339 2230 Ρ
1365 2191 1580 2233 α’πόλλυντο
1607 2194 1687 2229 FW
1712 2189 1917 2231 ἀπώλοντο

243 2259 275 2293 V
368 2260 388 2290 6
413 2257 582 2297 *Ταῦτα1
609 2257 726 2292 ταῦτα
753 2255 792 2291 δὲ
816 2253 1037 2289 FLAMVW
1148 2253 1383 2299 *σαμαρίται
1410 2252 1437 2286 Ρ
1544 2255 1560 2285 ἰ’
1588 2245 1716 2288 οὐκέτ’
1742 2250 1769 2285 P
1795 2246 1919 2287 οὐκέτι

242 2337 401 2372 AMWE
473 2331 615 2372 αὐτοὶσ
631 2333 849 2370 PFLMVW
867 2329 1029 2370 ἑαυτοὺσ
1047 2333 1078 2367 Ε
1148 2333 1315 2379 γαρίζειν
1331 2331 1412 2366 FW
1430 2308 1633 2378 γαριζεὶνΑ
1656 2332 1804 2377 γαριζὶν
1827 2332 1854 2371 (ὶ
1878 2339 1922 2365 ex

244 2397 266 2440 ᾗ
291 2404 383 2430 corr.
401 2393 454 2429 M)
478 2392 552 2428 MV
577 2393 734 2438 Γαριζεῖ
757 2391 839 2426 coni
917 2393 936 2425 S
961 2385 1019 2435 ἢν]
1044 2383 1089 2435 ἦν
1114 2389 1142 2423 Ρ
1167 2382 1222 2424 ὧν
1245 2388 1401 2422 LAMW
1472 2392 1492 2423 9
1518 2383 1660 2424 αὖτοὺσ
1684 2385 1920 2422 PFLA¹MW

248 2453 288 2486 12
313 2445 510 2495 *ἅντιοχει
535 2449 562 2484 Ρ
702 2447 894 2493 *ἐπιφανῆ
920 2447 994 2481 PL¹
1134 2443 1351 2492 ὑπόμνημα]
1376 2441 1590 2490 ὓπόμνησισ
1613 2443 1643 2478 F
1668 2439 1921 2489 ὑπομνήματα

245 2507 398 2542 LAMW
491 2506 668 2551 σηκίμοισ
693 2505 720 2539 Ρ
837 2504 1014 2540 σιδονίων
1038 2502 1085 2537 L*
1204 2505 1244 2537 13
1271 2501 1306 2538 οἳ
1331 2512 1359 2536 S.
1378 2501 1408 2535 F
1503 2496 1670 2547 αὐχμοὺς
1694 2503 1758 2547 τῆς
1780 2497 1922 2547 χώρας]

247 2560 411 2610 συχνουσ
437 2565 506 2608 τῆσ
528 2559 663 2609 χώρασ
695 2563 779 2607 (τῆσ
800 2558 937 2608 χώρασ
961 2556 1126 2605 συχνοὺσ
1149 2563 1192 2594 tr.
1219 2558 1263 2601 F)
1293 2556 1453 2603 λοιμοὺσ
1479 2557 1575 2593 FLV
1600 2557 1748 2593 crebras
1768 2557 1922 2604 prouin-

247 2621 326 2656 ciae
342 2619 575 2666 pestilentias
599 2618 671 2653 Lat
695 2614 866 2663 αὐχμοὶσ
891 2617 922 2651 Ε
994 2612 1425 2661 παρακολουθήσαντεσ,
1451 2628 1468 2651 ε
1493 2615 1516 2649 i.
1536 2623 1605 2649 ras.
1624 2614 1657 2647 A
1682 2616 1923 2660 παρακολου-

248 2674 448 2722 θήσαντασ
474 2676 519 2710 W
640 2678 679 2709 15
705 2677 784 2710 τῶν
809 2670 1019 2721 σαββάτων
1043 2672 1232 2708 LAMWE
1363 2674 1404 2707 113
1429 2672 1578 2717 γαρίζιν
1602 2669 1632 2704 F
1658 2672 1805 2717 γαριζὶν
1829 2672 1853 2710 (ἱ
1879 2679 1922 2704 ex

248 2743 339 2768 corr.
366 2733 418 2774 M)
442 2731 550 2767 MVE
575 2732 745 2778 γαρίζειν
762 2731 809 2766 W
879 2730 1023 2777 *ἱερῶν
1047 2730 1095 2764 L2
1164 2727 1230 2765 ἐπ’
1248 2723 1350 2765 αὐτῶ
1377 2728 1408 2762 Ε
1482 2731 1520 2762 Ῑῖ
1547 2723 1651 2763 *zero
1675 2723 1924 2772 καθηκούσασ

249 2790 386 2825 &roseo
411 2791 492 2833 post
518 2784 708 2831 Ἰουδαίοις
732 2787 814 2823 add.
842 2787 871 2822 F
968 2791 1009 2823 1⁴.»
1034 2783 1159 2833 *ἡμᾶς
1183 2797 1210 2821 s.
1229 2785 1268 2821 M
1369 2786 1486 2821 ταῦτα
1512 2782 1735 2818 FLMVWE
1827 2779 1925 2825 *τὰς

250 2843 390 2889 ὁμοίας
407 2845 530 2888 αἰτίας
548 2845 693 2880 Ernesti
766 2841 1057 2890 προσάπτουσιν
1080 2841 1267 2878 PAMWE
1338 2843 1380 2875 20
1405 2836 1599 2877 *ἀνέκαθε
1619 2839 1648 2874 F
1719 2839 1925 2876 *σιδονίων

249 2902 277 2937 Ρ
370 2899 473 2937 ἐστιν
497 2912 563 2936 om.
590 2901 636 2936 W
731 2903 773 2935 22
799 2898 976 2945 νικάι·ωρι
1005 2899 1126 2935 ΜἮΥ
1222 2895 1265 2935 τὰ
1284 2907 1351 2933 om.
1373 2897 1399 2931 P
1495 2900 1535 2931 23
1561 2893 1676 2942 *ἡμῖν
1700 2906 1768 2932 om.
1796 2895 1835 2931 M

250 2955 538 3005 προσάπτουσα·
563 2957 591 2991 F

1936 573 1956 605 5

1942 909 1979 944 10
