2029 3392
580 209 740 254 ANTIQ.
769 209 864 245 mn.
891 210 940 244 x¹
968 213 1097 246 πει-ει
1124 215 1182 252 (ιν.
1202 217 1274 251 m,
1706 215 1753 250 19

94 322 243 378 αι’·τοῑς
265 321 654 379 ἀπεχθανομένων.
706 318 866 380 ἤγαγον
889 322 932 364 δὲ
957 326 1028 365 καὶ
1052 323 1127 378 τὴν
1151 339 1223 381 σκῃ
1235 329 1447 381 νοπῃγίαν
1473 321 1568 367 κατ’
1596 325 1756 369 ἐκεῖνον
1789 332 1838 368 77

94 394 170 438 τὸν
200 393 363 448 καιρόν,
396 389 455 442 ὡς
485 388 507 433 ὁ
542 393 790 446 νομοθέτης
821 391 921 444 περὶ
958 388 1090 446 αὐτῆς
1114 392 1358 442 διετάξατο,
1391 394 1460 434 καὶ
1495 394 1758 448 προσιῙορὰς

93 460 204 514 μετὰ
244 462 381 503 ταῦτα
419 460 489 502 καὶ
530 457 633 508 τοὺς
672 459 964 512 καλουμένους
1003 458 1331 512 ἐνδελεχισμοὺς
1371 461 1442 501 καὶ
1484 459 1562 509 τας
1595 463 1758 510 θυσίας

92 531 180 570 τῶν
211 526 445 582 σαββάτων
484 528 556 569 καὶ
596 528 755 568 πασιῦν
794 528 880 568 τῶν
921 522 1057 580 ἁγίων
1088 526 1262 580 ἑορτῶν,
1305 527 1352 569 0‘1'
1386 543 1431 569 τε
1467 530 1758 584 πεποιημένοι

42 605 63 640 5
91 595 171 646 τὰς
201 591 327 649 εὐχάς
359 590 634 637 ἀπεδίδοσαν
665 593 851 643 θύοντες
882 588 974 635 άπὸ
1011 599 1245 651 νουμηνίας
1279 597 1356 636 τοῦ
1389 594 1578 648 ἑβδόμου
1608 596 1757 651 μηνός.

95 659 278 718 ἤρξαντο
319 661 366 704 δὲ
403 663 473 704 καὶ
513 663 591 717 τῆς
633 660 891 714 οἰκοδομίας
921 663 998 703 τοῦ
1031 664 1136 703 ναοῦ
1169 661 1314 704 πολλὰ
1346 671 1439 712 τοῖς
1468 678 1514 704 τε
1548 662 1759 716 λατόμοις
1798 676 1840 704 Α

91 730 162 773 καὶ
194 733 366 772 τέκτοσι
393 728 596 787 χρήματα
628 728 777 778 δόντες
807 729 878 770 καὶ
910 727 965 770 τά
988 727 1102 782 πρὸς
1132 730 1300 786 τροφὴν
1331 732 1418 771 τῶν
1450 729 1757 784 εἰσαγομένων,

91 806 185 848 τοῖς
214 813 261 839 τε
291 797 524 846 Σιδωνίοις
560 793 640 852 ἡδί·
671 798 744 839 καὶ
774 797 940 853 κοῦφον
970 786 1022 851 ἦν
1053 795 1106 837 τά
1137 813 1184 839 τε
1214 798 1390 852 κέδρινα
1419 794 1683 853 κατάγουσιν
1716 798 1759 840 ἑκ

91 867 168 908 τοῦ
197 865 404 918 Λιβάνου
442 864 548 915 ξύλα
588 864 775 919 δήσασιν
816 859 927 906 αὐτὰ
964 865 1036 906 καὶ
1077 864 1252 917 σχεδίαν
1289 864 1559 922 πηξαμένοις
1591 865 1654 916 εἰς
1683 865 1759 908 τὸν

27 943 65 979 ιο
90 935 167 988 τῆς
182 927 366 989 Ἰόππης
386 931 579 986 κομίζειν
602 932 758 985 λιμένα
773 945 781 954 ·
803 933 934 973 τοῦτο
956 929 1038 987 γὰρ
1062 934 1239 986 πρῶτος
1258 932 1338 986 μὲν
1361 934 1504 988 Κῦρος
1526 933 1758 985 ἐκέλευσεν,

93 999 193 1044 τότε
224 1000 270 1043 δὲ
300 1004 495 1054 Δαρείου
526 999 812 1050 κελεύσαντος
844 998 1022 1054 ἐγίνετο.

202 1070 241 1111 2.
268 1063 341 1110 Ὧν
371 1069 433 1124 τῷ
466 1067 653 1123 δευτέρῳ
685 1066 774 1109 ἔτει
803 1068 879 1123 τῆς
911 1066 973 1116 εἷς
1000 1064 1279 1122 Ἱεροσόλυμα
1309 1067 1508 1110 καθόδου
1539 1071 1626 1111 τιῦν
1654 1064 1759 1112 Ἰου·
1792 1074 1842 1113 79

92 1136 229 1179 δαίων
266 1137 371 1192 μηνὶ
412 1135 600 1190 δευτέρῳ
642 1136 1013 1190 παραγενομένων
1053 1139 1271 1187 συνείχετο
1310 1133 1333 1192 ἦ
1374 1138 1453 1178 τοῦ
1486 1139 1589 1179 ναοῦ
1625 1153 1759 1179 κατα-

92 1202 241 1261 σκευή·
281 1205 354 1247 καὶ
394 1202 497 1253 τοί-ς
536 1203 777 1257 θεμελίους
816 1200 1062 1257 ἐγείραντες
1099 1205 1153 1259 τῇ
1195 1208 1408 1261 νουμηνίᾳ
1445 1206 1523 1246 τοῦ
1556 1204 1758 1258 δευτέρου

26 1280 64 1316 ιῦ
89 1269 227 1328 μηνὸς
256 1273 335 1313 τοῦ
369 1271 573 1326 δευτέρου
605 1269 728 1320 ἔτους
760 1268 1088 1326 ἐπῳκοδόμουν,
1121 1271 1482 1328 προστησάμενοι
1513 1274 1597 1314 τῶν
1624 1271 1758 1327 ἔργων

91 1340 298 1382 Λευιτιῦν
328 1355 375 1382 τε
403 1338 507 1390 τοὺς
538 1336 736 1381 εἰκοστὸν
767 1336 864 1387 ἔτος
896 1334 973 1394 ἤδη
1003 1338 1236 1394 γεγονότας
1265 1341 1337 1381 καὶ
1364 1336 1528 1396 Ἰησοῦν
1553 1342 1626 1383 καὶ
1656 1340 1759 1390 τοὺς

91 1405 213 1457 υἱοῦς
245 1403 377 1449 αὐτοῦ
407 1407 478 1448 καὶ
512 1405 614 1456 τοὺς
645 1401 867 1463 ἀδελφοὺς
901 1407 973 1448 καὶ
1005 1406 1262 1464 Ζοδμοῆλον
1292 1406 1370 1450 τὸν
1402 1403 1597 1460 ἀδελφὸν
1618 1402 1759 1450 Ἰούδα

91 1476 168 1517 τοῦ
194 1471 496 1529 Ἀμιναδάβου
525 1476 600 1517 καὶ
630 1473 732 1524 τοὺς
763 1473 885 1524 υἱοὺς
918 1469 1065 1516 αὐτοῦ.
1125 1476 1198 1517 καὶ
1220 1472 1242 1516 ὃ
1265 1475 1344 1528 μὲν
1367 1474 1471 1525 ναὸς
1501 1475 1623 1532 πάσῃ
1653 1492 1758 1533 χρη-
1789 1479 1841 1520 80

93 1545 294 1596 σαμένων
333 1543 506 1600 σπουδῇ
550 1545 638 1585 τιῦν
676 1540 754 1597 τὴν
796 1540 1053 1595 ἐπιμέλειαν
1099 1541 1478 1597 ἐγκεχειρισμένων
1518 1545 1688 1586 θᾶττον
1734 1537 1759 1599 ἢ

26 1619 63 1655 m
91 1609 418 1668 προσεδόκησεν
459 1608 512 1653 ἅν
550 1626 618 1661 τις
657 1609 812 1663 ἔλαβεν
853 1609 991 1659 τέλος.
1054 1604 1416 1664 ἀπαρτισθέντος
1449 1610 1495 1652 δὲ
1530 1613 1607 1653 τοῦ
1641 1611 1760 1666 ἱεροῦ

91 1676 202 1731 μετὰ
234 1678 490 1734 σαλπίγγων
521 1678 563 1721 οἱ
597 1678 728 1731 ἱερεῖς
759 1686 856 1727 ταῖς
888 1676 1104 1734 συνήθεσι
1135 1678 1315 1728 στολαῖς
1343 1681 1658 1735 κεκοσμημένοι
1687 1680 1760 1722 καὶ

93 1745 135 1788 οἱ
173 1750 369 1789 Λευῖται
407 1747 481 1788 καὶ
520 1745 561 1788 οἱ
597 1741 801 1801 Ἀσάφου
842 1744 1001 1794 παῖδες
1033 1740 1302 1795 ἀναστάντες
1331 1740 1492 1799 ὕμνουν
1522 1746 1598 1789 τὸν
1637 1746 1759 1797 θεόν,

93 1809 150 1864 ὥς
177 1811 256 1869 τὴν
279 1813 341 1864 εἰς
372 1810 506 1856 αὐτὸν
533 1809 734 1868 εὐλογίαν
755 1812 955 1869 Δαυίδης
984 1812 1206 1863 κατέδειξε
1226 1815 1416 1867 πρῶτος.
1479 1814 1520 1856 οἱ
1553 1814 1599 1856 δὲ
1631 1814 1761 1869 ἱερεῖς
1791 1818 1839 1857 81

204 1960 225 2003 ς
252 1962 292 1992 ῖῖ
319 1958 775 2003 =1.EsraV50;§79
801 1957 1014 1993 =1.Esra
1038 1958 1143 2002 V113
1170 1961 1201 1993 2.
1220 1958 1314 1993 Esra
1337 1958 1388 1993 IV
1407 1961 1460 1993 24.

204 2071 447 2106 PFLAVWE
458 2071 528 2105 Lat
540 2071 700 2106 Zonaras
725 2071 741 2105 Ι
766 2082 800 2116 p.
827 2074 904 2106 313.

206 2131 225 2163 2
251 2124 314 2171 ὡς]
341 2123 386 2164 ὃν
411 2126 438 2160 Ρ
579 2127 803 2173 νομοθέτης]
829 2127 1018 2173 legislator
1042 2138 1184 2174 moyses
1208 2127 1279 2162 Lat
1418 2131 1436 2161 3
1461 2124 1761 2173 ἕνδελεχισμοὺσ,

91 2184 115 2220 i.
132 2194 242 2230 marg.
269 2199 289 2231 η
313 2184 346 2218 Α
377 2180 673 2230 ἐνδελεχησμοὺσ
696 2183 811 2218 L²VE
843 2182 1164 2219 endeheliclzismos
1185 2183 1256 2218 Lat
1355 2187 1375 2219 6
1400 2181 1615 2230 *ἤρξανΙτο
1642 2183 1690 2225 δὲ,
1716 2197 1762 2218 αν

91 2240 116 2276 i.
128 2251 200 2277 ras.
217 2252 264 2276 m.
283 2243 302 2275 2
320 2250 364 2275 ex
382 2253 405 2276 α
422 2240 496 2276 uid.
514 2251 620 2282 corr„
646 2253 667 2276 ο
685 2240 725 2277 δὲ
747 2241 771 2275 i.
786 2249 857 2275 ras.
879 2243 892 2274 1
913 2239 980 2274 litt.
998 2250 1045 2275 m.
1065 2243 1084 2274 2
1110 2240 1138 2274 P
1209 2240 1417 2287 οἰκοδομῆσ
1442 2240 1472 2273 Ε
1545 2243 1563 2273 ἰ’
1589 2241 1653 2275 καὶ
1676 2245 1762 2275 τοῐσ

94 2296 242 2334 τέκτοσι
264 2296 347 2332 AW
417 2298 496 2332 τῶν
519 2296 792 2343 εἰσαγομένων]
819 2296 1055 2342 operantibus
1071 2296 1151 2338 Lat,
1176 2297 1272 2331 unde
1288 2295 1556 2343 ἐργαζομένων
1573 2296 1716 2340 Cocceji

95 2355 114 2388 8
138 2352 320 2390 σιδονιόισ
342 2352 423 2387 FL¹
515 2349 562 2389 τὰ
587 2353 626 2389 δὲ
649 2350 797 2400 κέδρινα
821 2352 869 2386 W
959 2355 979 2387 9
1005 2350 1170 2399 δήσασιν]
1196 2354 1234 2390 δὲ
1257 2347 1354 2400 ἦσαν
1377 2353 1424 2387 W
1495 2353 1644 2398 σχεδία·
1658 2356 1761 2398 νηξα-

94 2409 237 2452 μένοισ,
261 2419 352 2445 eras.
371 2422 393 2444 ν
417 2409 444 2443 Ρ
515 2406 722 2456 πηξάμενοι
747 2409 794 2443 W
864 2405 980 2455 ἰόπησ
1003 2409 1037 2444 V
1133 2413 1172 2445 10
1196 2411 1368 2455 κομίζειν
1391 2420 1460 2445 om.
1484 2409 1531 2443 W
1603 2409 1761 2454 πρῶτον

95 2464 191 2502 FLV
215 2463 260 2503 τὸ
285 2469 442 2512 πρῶτον
458 2466 506 2501 W
530 2469 614 2502 ante
637 2465 707 2500 Lat
802 2468 838 2500 11
866 2463 1127 2509 κελεύσαντος]
1152 2464 1382 2513 γράψαντοσ
1405 2466 1485 2500 AW
1576 2463 1761 2511 ἐγίγνετο,

95 2523 155 2569 γίγ
176 2532 221 2558 ex
244 2524 284 2569 γί
307 2533 399 2558 corr.
424 2522 495 2557 uid.
520 2521 721 2569 Αέγένετο
743 2521 824 2556 VW
897 2525 937 2556 12
957 2515 1036 2564 Ὧν]
1062 2522 1103 2559 ἐν
1120 2523 1197 2557 PW
1267 2525 1334 2571 τῷ]
1359 2519 1404 2558 τὸ
1430 2522 1460 2556 L
1535 2524 1574 2556 13
1599 2521 1760 2569 δευτέρω

93 2580 170 2614 τῶν
192 2578 370 2615 ἰουδαίων
393 2582 479 2626 μηνὶ
503 2582 548 2615 tr.
573 2579 621 2614 W
727 2578 1045 2625 παραγινομένων
1067 2579 1130 2614 FL
1162 2592 1168 2597 ·
1223 2581 1435 2624 συνείχετο,
1461 2579 1494 2614 εί
1518 2578 1541 2613 i.
1560 2588 1642 2620 raS.‚
1669 2591 1689 2614 ο
1715 2588 1760 2614 ex

97 2648 127 2671 ω
151 2644 243 2671 corr.
259 2646 305 2670 m.
325 2637 344 2669 2
362 2635 391 2670 L
416 2642 635 2682 urqueretur
659 2635 729 2670 Lat
754 2633 934 2681 συνήγετο
961 2635 1102 2680 Cocceji
1125 2632 1300 2682 ἠπείγετο
1325 2635 1448 2670 Naber
1471 2633 1516 2669 cf.
1542 2635 1563 2678 ξ
1584 2637 1647 2669 169
1739 2631 1760 2680 ἡ

97 2687 306 2736 κατασκευὴ
331 2695 400 2728 τοῦ
425 2695 520 2729 ναοῦ
542 2696 587 2727 tr.
612 2693 643 2727 L
739 2695 781 2727 14
805 2693 869 2728 καὶ
894 2702 961 2727 om.
979 2692 1025 2726 W
1098 2686 1314 2739 *δευτέρου1
1341 2689 1554 2727 δωδεκάτου
1578 2690 1716 2726 Petitus

97 2749 136 2782 17
161 2749 224 2783 καὶ
248 2744 340 2784 τοὺσ
364 2743 790 2795 οἷδελφοὺσ-ἇδελφὸν
814 2749 837 2784 i.
854 2759 925 2783 ras.
944 2751 963 2783 9
980 2749 1048 2783 litt.
1066 2759 1111 2783 m.
1133 2751 1151 2783 2
1169 2749 1196 2783 P
1278 2750 1510 2793 Ζοδμοῆλον]
1535 2745 1761 2793 ζολιμὴηλον

95 2801 124 2837 Ρ
148 2804 348 2850 ζοδμιῆλον
371 2805 402 2839 L
434 2807 648 2852 ζοδμίηλον,
673 2808 695 2842 δ
715 2815 759 2840 ex
784 2808 805 2840 λ
830 2815 920 2840 corr.
946 2806 978 2839 A
1011 2806 1237 2851 ζωῑ.ιμιήλον
1260 2804 1292 2838 V
1317 2800 1482 2849 ζολιμὴει
1507 2803 1554 2837 W
1578 2803 1760 2838 obdoz'lum

95 2857 166 2894 Lat
265 2857 336 2896 τὸν
359 2871 428 2897 om.
454 2862 501 2896 W
590 2857 707 2898 Ἰούδα
733 2881 773 2886 -—
803 2863 843 2895 18
868 2863 931 2896 καὶ
957 2857 977 2897 ὃ
1002 2860 1072 2905 μὲν
1096 2860 1213 2905 suppl.
1231 2871 1276 2894 m.
1295 2862 1314 2894 2
1332 2860 1361 2894 P
1453 2855 1580 2896 ἶούδου
1604 2860 1715 2895 PAW

100 2917 140 2950 18
164 2910 398 2964 ἆβιναδάβου
422 2918 499 2952 PW
590 2915 735 2963 *πάσῃ]
761 2920 840 2954 neza
861 2916 920 2950 PF
1024 2919 1065 2951 20
1091 2914 1400 2965 *προσεδιύκισεν
1425 2916 1472 2950 L¹
1498 2915 1758 2964 προσεδόκησε

97 2970 178 3006 L²A
266 2969 342 3009 *ἄν
365 2983 434 3009 om.
459 2973 525 3008 LA
617 2975 659 3008 23
685 2970 722 3010 δ’
739 2973 771 3009 V

1435 3032 1452 3056 φ
1466 3035 1483 3049 2<
