2107 3377
294 164 488 200 XXXVIII
1032 165 1225 201 Praefatio.

292 280 336 322 in
371 279 452 321 hac
483 278 705 335 Epitomae
736 283 858 335 parte
889 292 1015 333 quam
1045 279 1230 323 maxime
1259 284 1498 334 grassatam
1528 293 1623 324 esse
1657 284 1815 323 certum
1846 281 1962 332 est.¹)

293 359 424 400 quare
454 347 540 389 alia
570 360 738 402 quoque
767 347 1084 402 supplementa,
1119 349 1311 402 quamuis
1340 347 1566 391 uideantur
1594 347 1847 403 probabilia,
1877 360 1963 390 non

294 415 437 470 recepi
467 414 543 458 sed
571 415 615 457 in
645 414 919 457 adnotatione
948 419 1095 458 extare
1126 416 1270 470 malui,
1301 415 1417 459 cuius
1437 416 1603 470 generis
1632 419 1728 459 sunt
1757 415 1858 458 XVI
1879 417 1962 458 350

293 485 306 523 ί
309 496 348 537 p.
365 484 431 536 58,
452 481 535 536 16),
552 482 696 525 XVIII
713 484 794 525 302
811 482 868 537 (p.
889 484 980 536 195,
998 485 1052 538 4),
1065 484 1171 526 XIX
1186 486 1263 526 221
1284 485 1341 539 (p.
1358 486 1454 535 249,
1471 486 1524 537 9),
1543 496 1798 538 quamquam
1812 481 1963 526 horum

292 562 460 604 quoque
495 550 660 594 duobus
692 550 797 594 locis
826 549 1050 605 Epitomae
1089 551 1253 594 accedit
1290 551 1519 594 auctoritas
1560 551 1712 593 Latini.
1772 550 1859 593 alia
1898 554 1964 592 est

292 624 444 660 natura
463 617 552 660 eius
573 617 871 673 supplementi,
892 619 1005 672 quod
1025 618 1110 660 XX
1131 621 1185 660 26
1206 620 1263 674 (p.
1286 621 1380 673 280,
1406 620 1589 670 19—21)
1611 619 1654 662 in
1679 619 1714 661 E
1734 618 1963 671 habemus;

293 686 425 728 uerba
447 685 557 728 enim
577 686 652 739 τῆς
672 683 901 738 βασιλείας
920 710 976 716 -
998 681 1097 728 εἷπε
1117 686 1270 729 absunt
1289 686 1346 728 ab
1367 687 1553 729 MWLat
1583 690 1624 730 et
1646 687 1746 729 olim
1767 687 1964 729 afuerunt

292 753 348 795 ab
363 754 414 807 A,
434 753 512 796 sed
530 752 690 796 incuria
711 753 989 809 librariorum,
1012 754 1084 808 qui
1104 753 1444 799 homoeoteleuto
1461 755 1630 810 decepti
1651 757 1783 808 erant,
1804 753 1965 797 omissa

293 825 406 874 sunt,
438 833 517 863 nec
547 834 600 863 ex
633 820 892 875 coniectura,
932 821 1009 864 sed
1041 835 1095 865 ex
1125 822 1313 865 melioris
1343 823 1440 865 libri
1477 822 1728 865 auctoritate
1765 820 1964 876 suppleta

293 891 398 931 sunt.
468 887 582 931 idem
613 888 882 931 statuendum
922 894 987 932 est
1015 890 1099 932 XX
1121 891 1173 932 38
1205 892 1260 944 (p.
1284 891 1379 943 282,
1403 892 1492 944 16),
1528 890 1600 934 ubi
1630 890 1763 932 uerba
1795 892 1962 941 χαίρειν

295 955 368 1011 τὴν
398 958 562 1010 μητέρα
592 954 671 1010 τὴν
703 954 859 998 ἑαυτοῦ
890 969 943 998 ex
965 956 1000 998 Ε
1021 957 1174 1012 recepi,
1208 960 1248 1000 et
1268 957 1352 999 XX
1373 959 1425 999 92
1458 961 1512 1012 (p.
1535 960 1629 1012 292,
1658 958 1708 1010 1),
1738 955 1811 999 ubi
1831 956 1966 1000 uerba

291 1021 582 1078 καταστρέφει
603 1021 678 1065 τὸν
700 1026 797 1075 βίον
818 1024 860 1065 in
881 1023 915 1065 E
937 1023 1029 1066 sola
1045 1024 1202 1067 tradita
1219 1029 1326 1068 sunt.
1358 1025 1433 1069 sed
1453 1025 1560 1067 haec
1576 1025 1748 1078 aliaque
1769 1023 1964 1079 quamuis

293 1091 375 1134 sint
397 1090 569 1146 optima,
599 1104 828 1146 numquam
850 1094 992 1133 tamen
1012 1091 1319 1135 admittendum
1343 1097 1405 1136 est
1427 1093 1650 1146 Epitomae
1676 1091 1964 1135 testimonium

291 1159 371 1202 nisi
392 1172 436 1201 re
459 1158 682 1211 diligenter
704 1158 958 1200 examinata.
998 1158 1181 1212 denique
1201 1160 1520 1203 memorandum
1537 1165 1611 1213 est,
1641 1159 1684 1202 in
1705 1159 1771 1202 his
1792 1159 1960 1214 supple-

292 1227 442 1269 mentis
472 1226 580 1269 inter
601 1225 842 1280 Epitomam
865 1230 906 1268 et
926 1225 1196 1269 Ambrosiani
1217 1240 1387 1270 manum
1408 1228 1586 1269 alteram
1609 1238 1806 1280 magnam
1836 1227 1962 1269 inter-

292 1293 442 1337 cedere
470 1293 814 1346 similitudinem3
853 1306 951 1336 nam
988 1298 1028 1336 et
1058 1294 1143 1336 XX
1169 1296 1223 1335 26
1255 1296 1308 1349 (p.
1333 1296 1428 1349 280,
1455 1297 1621 1349 19sq.),
1661 1307 1788 1349 quem
1823 1293 1965 1336 locum

292 1374 416 1416 supra
449 1360 700 1413 memoraui,
733 1360 846 1416 quod
876 1361 919 1403 in
951 1361 985 1402 E
1015 1362 1258 1417 suppletum
1290 1366 1375 1416 est,
1405 1362 1519 1405 idem
1550 1363 1766 1418 suppleuit
1785 1361 1963 1405 Ambro—

292 1430 399 1472 siani
431 1432 649 1481 corrector,
683 1432 724 1471 et
752 1428 837 1470 XX
862 1431 939 1471 180
964 1432 1018 1485 (p.
1039 1432 1131 1483 306,
1153 1432 1204 1471 16
1218 1431 1296 1483 sq.)
1328 1429 1371 1472 in
1392 1431 1427 1473 E
1458 1430 1626 1474 adiecta
1647 1433 1756 1484 sunt,
1788 1442 1965 1484 quorum

292 1498 447 1540 similia
468 1500 614 1540 extant
634 1496 678 1538 in
699 1496 735 1537 A
757 1500 963 1551 correcto;
995 1497 1107 1540 adde
1127 1497 1232 1539 XIX
1254 1499 1334 1540 263
1358 1502 1413 1553 (p.
1433 1501 1527 1552 256,
1549 1501 1615 1550 14)
1647 1503 1689 1541 et
1715 1497 1861 1540 XVIII
1885 1499 1963 1539 130

293 1575 353 1619 (ρ.
376 1567 465 1619 163,
489 1565 575 1618 26).
627 1564 810 1618 denique
840 1565 969 1608 etiam
1000 1565 1036 1608 si
1066 1579 1148 1608 non
1179 1565 1465 1620 consentiunt,
1504 1580 1602 1609 nam
1634 1579 1765 1621 saepe
1795 1565 1965 1608 diuersa

293 1634 502 1687 supplent,
534 1637 598 1675 est
629 1637 769 1675 tamen
800 1633 968 1675 illorum
999 1633 1384 1677 additamentorum
1416 1633 1648 1677 similitudo
1681 1633 1892 1687 quaedam
1923 1637 1966 1675 et

292 1700 500 1756 cognatio,
533 1713 617 1754 qua
647 1700 825 1743 efficitur
846 1701 1119 1744 Ambrosiani
1149 1715 1320 1745 manum
1348 1703 1525 1744 alteram
1548 1707 1591 1745 et
1612 1702 1842 1756 epitomam
1865 1712 1964 1743 usas

293 1781 386 1811 esse
417 1767 553 1811 uideri
584 1768 800 1810 codicibus
831 1768 941 1810 inter
972 1781 1018 1811 se
1049 1770 1238 1823 cognatis
1276 1771 1368 1825 pari
1409 1770 1645 1813 temeritate
1683 1769 1962 1824 interpolatis.

796 1904 822 1954 ἓ
854 1904 898 1945 S:
941 1902 994 1946 de
1024 1903 1253 1959 interprete
1284 1905 1446 1948 Latino.

404 1993 470 2036 De
499 1993 726 2048 interprete
759 1994 909 2037 Latino
940 2006 1049 2047 quae
1079 1995 1134 2037 ad
1163 1999 1295 2039 totum
1318 1996 1398 2039 hoc
1420 1995 1590 2050 Iosephi
1620 2007 1726 2050 opus
1754 1994 1966 2050 pertinent

292 2059 375 2101 iam
406 2058 449 2101 in
474 2060 735 2113 praefatione
766 2062 993 2105 uoluminis
1024 2063 1148 2117 primi
1181 2064 1295 2107 dicta
1325 2068 1432 2107 sunt.
1483 2076 1534 2106 ac
1560 2063 1597 2106 si
1627 2076 1679 2106 ea
1708 2066 1773 2106 est
1801 2062 1964 2106 utilitas

292 2127 454 2180 Latini,
485 2131 530 2170 ut
562 2135 857 2184 cognoscatur,
890 2131 1033 2183 qualia
1074 2131 1270 2174 habuerit
1302 2131 1479 2186 Graeca,
1510 2130 1555 2173 id
1585 2144 1715 2186 saepe
1744 2145 1829 2174 non
1859 2130 1963 2174 satis

294 2199 482 2250 apparet.
528 2195 571 2238 id
594 2197 707 2250 quod
727 2197 908 2253 primum
931 2198 1071 2241 Latini
1095 2200 1301 2243 sermonis
1322 2205 1472 2243 natura
1494 2199 1689 2242 effectum
1710 2203 1786 2253 est,
1809 2198 1965 2244 deinde

293 2277 342 2306 eo
376 2263 487 2316 quod
520 2263 728 2319 interpres
758 2278 840 2308 non
863 2265 1013 2309 eadem
1043 2267 1200 2320 ubique
1229 2268 1359 2310 utitur
1389 2268 1632 2322 diligentia;
1663 2280 1763 2310 nam
1792 2267 1964 2323 saepius

293 2331 411 2373 aliud
451 2331 593 2374 omisit
630 2332 748 2375 aliud
786 2347 839 2376 ex
877 2346 952 2377 suo
992 2333 1160 2389 ingenio
1199 2334 1366 2378 addidit
1405 2335 1522 2378 aliud
1563 2335 1605 2377 in
1651 2336 1781 2379 alium
1823 2336 1963 2380 locum

295 2399 471 2441 traiecit.
531 2398 574 2441 id
606 2399 718 2453 quod
750 2413 843 2445 cum
875 2402 979 2444 alibi
1009 2415 1086 2445 usu
1116 2402 1233 2446 uenit
1264 2408 1351 2445 tum
1382 2403 1423 2445 in
1454 2403 1574 2446 libris
1611 2403 1887 2458 XVI—XIX,
1918 2403 1962 2448 in

295 2466 447 2519 quibus
469 2467 673 2522 Iosephus
695 2467 857 2511 difficili
878 2469 1008 2512 utitur
1027 2470 1230 2514 orationis
1249 2483 1418 2526 genere,
1450 2471 1522 2513 ubi
1553 2471 1759 2526 interpres
1780 2472 1959 2526 plerum·

294 2546 375 2588 que
397 2533 585 2577 difficilia
607 2540 679 2578 aut
700 2541 896 2591 corrupta
916 2538 975 2580 ita
996 2539 1185 2592 euitauit,
1217 2543 1262 2581 ut
1278 2538 1350 2581 uix
1368 2538 1451 2581 dici
1468 2539 1613 2593 possit,
1645 2538 1747 2591 quid
1768 2539 1963 2583 habuerit

296 2602 337 2643 in
369 2602 546 2655 graecis,
579 2608 622 2645 ut
653 2603 964 2648 demonstratur
996 2606 1076 2659 eis,
1110 2619 1219 2659 quae
1249 2605 1304 2648 ad
1335 2606 1456 2648 XVII
1482 2610 1560 2649 120
1594 2610 1648 2662 (p.
1673 2609 1741 2661 91,
1769 2609 1848 2660 12),
1880 2609 1962 2650 263

294 2679 351 2724 (p.
374 2672 466 2724 121,
491 2673 542 2723 7),
564 2671 704 2714 XVIII
728 2675 776 2712 157
804 2676 858 2727 (p.
882 2675 973 2728 152,
996 2675 1078 2729 17),
1100 2674 1206 2716 ΧΙΧ
1233 2676 1308 2716 193
1330 2674 1389 2730 (p.
1413 2676 1508 2727 244,
1535 2674 1804 2728 1)adnotaui.
1845 2675 1962 2719 aliud

410 2817 441 2854 1)
466 2813 575 2848 ueluti
602 2816 694 2859 quod
720 2817 821 2851 XVII
841 2820 904 2853 205
929 2823 978 2863 (p.
997 2821 1070 2862 108,
1089 2823 1117 2861 1)
1142 2821 1178 2855 in
1203 2819 1234 2854 E
1267 2823 1364 2855 extat
1397 2817 1533 2865 ἐπίηρα
1560 2822 1627 2856 τοῦ
1653 2816 1789 2864 ὁμίλου
1820 2831 1885 2865 pro
1918 2831 1961 2856 eo

294 2869 388 2915 quod
414 2869 540 2914 reliqui
572 2871 703 2907 habent
735 2871 914 2921 ἐπειρᾶτο
943 2872 1098 2919 ὁμίλους
1129 2880 1193 2911 aut
1224 2874 1303 2912 ἐπεὶ
1336 2873 1455 2922 ἤρατο
1490 2872 1646 2920 ὁμίλους
1677 2887 1720 2912 ex
1753 2877 1962 2913 coniectura

295 2925 499 2962 restitutum
524 2927 678 2963 uidetur.
