2107 3377
191 370 274 410 250

192 642 269 682 251

193 913 274 952 252

195 1185 277 1224 253

196 1388 279 1428 254

198 1728 279 1768 255

306 185 358 223 52
782 181 943 226 ANTIQ*
969 181 1064 217 ΠΗ).
1088 181 1142 216 XI
1167 182 1344 216 249—255
1369 182 1427 223 (τι.
1444 183 1497 221 10)

308 298 555 355 Θεοδέστην
585 297 688 347 τοίς
719 294 1120 350 έπιβοιλεύσαντας
1141 289 1185 337 εῦ
1191 309 1368 347 v02¹¹2<oLg
1397 295 1460 349 τῶ
1479 293 1667 348 βασιλεῖ,
1701 288 1761 335 ὦν
1781 291 1971 350 μηνυτὴς

306 366 598 422 ,Μαρδοχαῖος
631 364 679 422 ἢν
709 366 1005 420 γεγενημένος.
1066 362 1320 419 φράσαντος
1352 361 1398 403 δὲ
1419 378 1548 404 τοιτο
1578 359 1714 415 ιιόνον
1735 362 1813 402 τοῦ
1833 376 1972 416 γραμ-
2017 377 2024 383 ·

304 437 478 488 ματέως
515 435 587 476 καὶ
625 435 972 487 μεταβαίνοντος
1012 429 1074 480 εἷς
1113 429 1264 485 ἑτέραν
1295 428 1458 484 πρᾶξιν
1490 427 1671 481 ἐπέσχεν
1710 425 1733 470 5
1765 426 1973 482 βασιλευς

305 501 657 556 πυνθανόμενος,
691 499 729 543 εἰ
755 517 814 557 μη
838 498 926 552 ε’χει
945 501 1075 554 γέρας
1107 493 1225 554 αῦτιιῦ
1247 497 1382 539 δοθὲν
1414 492 1810 551 ἀναγεγραμμένον.
1869 491 1892 537 5
1926 490 1968 538 δ’

305 567 366 620 ὡς
405 570 488 627 ἔφη
527 568 662 626 μηδὲν
703 565 837 619 εἶναι,
877 565 1083 616 κελεύσας
1124 562 1367 623 ἡσυχάζειν,
1404 567 1473 614 τίς
1511 560 1536 619 ἡ
1576 578 1655 618 της
1685 561 1837 612 νυκτὸς
1867 557 1974 642 ὥρα,

306 637 430 694 παρὰ
460 639 548 680 τιῦν
585 636 660 679 ἐπὶ
692 634 834 691 τούτῳ
865 636 1139 690 τεταγμένων
1171 631 1463 707 ἐπυνθάνετιο.
1522 629 1685 684 μαθών
1716 625 1775 682 δ,
1808 627 1869 680 ὠς
1899 626 1976 684 όρ-

304 710 419 760 θρος
449 704 568 748 ἐστὶν
597 701 704 762 ἤδη,
737 701 1007 758 προσέταξεν
1037 703 1124 744 τῶν
1156 701 1300 758 φίλων
1331 716 1380 742 ον
1411 691 1464 741 άν
1503 696 1591 754 πρὸ
1632 700 1709 756 τῆς
1741 692 1874 754 αῦλῆς
1905 692 1976 740 εύ-

307 788 442 828 ρωσιν
474 769 553 828 η’δη
587 772 792 827 παρόντα
822 773 978 814 τοῦτον
1010 765 1129 825 αυτιιῦ
1162 768 1333 825 δηλοῦν.
1394 766 1540 819 ἔτυχέν
1569 781 1617 808 τε
1647 760 1762 807 ω’στε
1777 759 1976 822 Ἀμάνην

307 839 566 897 εὗρεθηναι·
597 842 770 883 θᾶττον
799 838 881 895 γὰρ
903 840 980 896 τῆς
1003 836 1225 895 συνηθους
1246 830 1364 891 ω’ρας
1385 833 1627 891 ἐληλύθει
1615 834 1720 887 περὶ
1741 834 1819 875 τοῦ
1840 835 1976 887 Μαρ-

307 910 487 962 δοχαίου
526 907 728 951 θανάτου
768 906 1032 964 δεησόμενος
1064 900 1212 947 αυτοῦ.
1270 904 1359 945 τῶν
1389 900 1466 944 οὖν
1496 900 1793 957 θεραπόντων
1825 895 1978 943 εἰπόν·
2040 946 2046 949 Δ

305 994 407 1021 των
440 971 511 1020 ὅτι
536 971 733 1033 Αμάνης
765 975 831 1032 εἴη
864 973 951 1029 πρὸ
984 975 1062 1029 τῆς
1094 967 1247 1029 αἰιλῆς,
1290 969 1511 1013 ἐκέλευσεν
1543 965 1677 1012 αὐτὸν
1708 967 1976 1012 εἰσκαλέσαι.

307 1044 593 1094 εἰσελθόντος
625 1043 672 1086 δέ
701 1044 877 1100 ,,φίλον,
911 1047 1048 1093 εἶτεν,
1082 1038 1210 1090 εἰδώς
1241 1038 1417 1093 ἐμαυτω
1448 1037 1498 1080 σὲ
1527 1036 1664 1092 μόνον
1696 1032 1846 1079 εὔνουν
1868 1051 1978 1090 συμ-

305 1113 544 1167 βουλε-ὗσαί
574 1127 651 1165 μοι
682 1111 941 1166 παρακαλῶ,
974 1110 1072 1158 πῶς
1104 1100 1157 1149 ἂν
1185 1105 1423 1162 τιμήσαιμι
1453 1103 1553 1148 τινὰ
1585 1103 1872 1160 στεργόμενον
1893 1098 1974 1146 ῦπ

309 1180 416 1234 ἐμοῦ
448 1179 625 1236 σφόδρα
663 1180 741 1233 τῆς
773 1176 962 1232 ἐμαυτοῦ
992 1173 1383 1254 μεγαλοφροσύνης
1415 1168 1594 1223 ἀξίως-ί(
1653 1169 1675 1215 5
1710 1172 1758 1214 δε
1782 1167 1980 1228 Ἀμάνης

310 1247 619 1303 λογισάμενος,
660 1244 711 1302 ἢν
743 1263 796 1288 αν
828 1245 892 1300 διιι)
922 1242 1096 1300 γνώμην
1125 1241 1287 1299 ταύτην
1319 1240 1477 1283 δώσειν
1507 1237 1619 1295 ῦπὲρ
1652 1235 1799 1293 αὐτοῦ,
1832 1241 1978 1297 φιλεῖ-

309 1318 424 1358 σθαι
454 1313 536 1370 γὰρ
568 1312 725 1356 ἑαυτὸν
755 1310 844 1355 ὑπὸ
876 1314 955 1355 τοῦ
984 1311 1205 1366 βασιλέως
1234 1308 1383 1364 μόνον,
1426 1307 1475 1365 ἢν
1506 1304 1618 1364 ᾠετο
1651 1304 1833 1365 ἀρίστην
1865 1305 1980 1352 εἶναι

308 1383 471 1440 ταύτην
507 1379 704 1461 φανερὰν
744 1379 968 1438 ἐποίησεν.
1030 1376 1155 1421 εἶπεν
1193 1377 1276 1433 γάρ
1315 1375 1385 1429 ,,εἰ
1414 1375 1595 1431 βούλοιο
1625 1374 1704 1418 τὸν
1735 1372 1980 1432 ἄνθρωπον

309 1451 359 1494 ὃν
391 1450 478 1531 φιῐς
509 1446 688 1506 ἇγαπᾶν
720 1447 823 1505 δόξῃ
857 1447 1127 1503 περιβαλεῖν,
1167 1449 1360 1502 ποίησον
1391 1439 1464 1501 ἐφ
1499 1443 1646 1486 ἵππου
1675 1442 1872 1498 βαδίζειν
1902 1443 1980 1501 τὴν

311 1515 445 1577 αὐτὴν
486 1516 654 1575 ἐσθῆτά
695 1531 767 1560 σοι
806 1517 1032 1573 φοροῦντα
1062 1516 1135 1558 καὶ
1171 1515 1478 1569 περιαυχένιον
1505 1512 1694 1567 χρυσοῦν
1725 1511 1878 1565 ἔχοντα
1907 1514 1981 1557 καὶ

311 1588 566 1645 προάγοντα
596 1586 682 1628 τῶν
716 1580 966 1640 ἀναγκαίων
998 1583 1142 1640 φίλων
1180 1581 1255 1625 ένα
1292 1580 1524 1638 κηρύσσειν
1555 1575 1616 1622 δι’
1652 1578 1757 1637 όλης
1787 1582 1864 1637 τῆς
1894 1579 1982 1624 πό-

312 1659 440 1708 λεως,
481 1650 551 1698 ότι
588 1652 750 1709 ταύτης
789 1648 990 1728 τυγχάνει
1030 1652 1108 1708 τῆς
1147 1651 1277 1706 τιμῆς
1315 1647 1365 1691 ὃν
1398 1666 1450 1690 αν
1481 1645 1502 1690 5
1535 1646 1744 1702 βασιλευς
1774 1647 1982 1705 vaLrjopyf‘

311 1723 332 1768 5
365 1725 445 1779 μὲν
477 1721 552 1766 οῦν
578 1717 774 1777 Ἀμάνης
811 1721 950 1762 ταῦτα
989 1717 1325 1771 συνεβούλευσεν
1365 1715 1567 1770 οἰόμενος
1605 1714 1668 1766 εἰς
1699 1710 1880 1759 αὐτὸν(
1861 1711 1980 1771 η’ξειν

310 1795 440 1835 τοῦτο
471 1790 520 1833 τὸ
553 1793 697 1846 γέρας.
757 1784 779 1830 5
805 1787 852 1830 δὲ
871 1784 1081 1841 βασιλευς
1114 1782 1275 1840 ἡσθεὶς
1310 1802 1360 1840 τιη
1400 1786 1663 1839 παραινέσει
1694 1783 1979 1839 ,,προελθών,

312 1864 462 1919 φησίν,
495 1858 606 1912 ἔχεις
635 1856 718 1913 γὰρ
748 1858 821 1899 καὶ
851 1854 928 1898 τὸν
958 1854 1105 1897 ἵππον
1134 1854 1205 1896 καὶ
1237 1851 1315 1908 τὴν
1347 1850 1507 1907 στολὴν
1537 1852 1608 1894 καὶ
1640 1849 1717 1893 τὸν
1749 1851 1980 1906 στρεπτόν,

427 1995 448 2038 ξ
474 1996 538 2028 249
565 2010 607 2021 =
633 1992 765 2027 Esther
786 1991 837 2025 VI
864 1993 895 2024 ⁶2.

426 2104 672 2142 PFLAVWE
682 2105 752 2139 Lat
764 2104 925 2139 Zonaras
950 2102 966 2136 I
992 2112 1026 2145 p.
1055 2103 1131 2136 324.

431 2169 443 2198 1
475 2162 695 2208 Θεοδέστην]
721 2160 948 2205 θεοδοσίτην
972 2157 1037 2192 FV
1062 2156 1281 2192 tlzeodeslum
1306 2155 1375 2190 Lat
1400 2156 1526 2199 uide§
1551 2158 1614 2190 207
1716 2158 1781 2196 ων]
1808 2148 1837 2191 ὦ
1863 2155 1892 2190 F

315 2226 334 2257 2
360 2222 627 2267 *μαρδοχαῖοσ
651 2214 816 2265 μηνυτῂσ
840 2220 884 2250 tr.
912 2215 942 2249 V
1074 2210 1314 2259 *γενόμενοσ
1338 2213 1370 2246 V
1499 2206 1624 2256 μόνον
1650 2215 1763 2248 τοῦτο
1789 2216 1833 2247 tr.
1860 2211 1893 2246 E

315 2281 611 2325 *γραμματαῖοσ
637 2275 664 2309 Ρ
759 2277 777 2308 3
801 2265 1048 2319 μεταβάντοσ
1074 2270 1107 2305 Ε
1201 2269 1263 2312 εἰς]
1288 2267 1335 2315 ἐφ
1350 2265 1532 2304 ’LAWE
1634 2267 1810 2314 *ἐτέραή
1836 2267 1986 2303 alterius

314 2335 385 2370 Lat
499 2336 519 2367 4
543 2327 847 2375 πυνθανόμενος]
873 2325 1096 2372 πυθόμενοσ
1121 2326 1251 2362 Pl‘VE
1367 2329 1386 2360 5
1412 2322 1444 2371 ἡ]
1471 2323 1526 2371 εἴη
1551 2325 1766 2360 FLAVWE
1881 2328 1900 2360 6
1924 2323 1986 2362 ἐπὶ

315 2389 449 2439 τούτῳ]
474 2390 540 2424 VE
566 2388 623 2425 εἰσ
647 2389 761 2424 τοῦτο
789 2386 816 2420 Ρ
841 2385 902 2422 ἐπὶ
926 2388 1041 2421 τοῦτο
1067 2383 1212 2418 FLAW
1312 2382 1349 2419 δὲ
1374 2381 1588 2416 FLAVWE
1682 2384 1699 2414 7
1726 2380 1988 2427 *προσέταξεν

316 2469 355 2474 —
383 2451 402 2483 8
428 2445 493 2493 ἤδη
518 2457 586 2481 om.
614 2445 678 2479 LA
792 2442 891 2479 *τὸν
915 2443 1027 2489 φίλον
1051 2441 1097 2475 W
1214 2432 1416 2484 *εῦρουσιν
1440 2438 1469 2472 F
1579 2440 1597 2472 S
1623 2451 1664 2474 τε
1689 2430 1788 2474 ὥστε
1813 2448 1883 2473 om.
1909 2437 1942 2473 V

315 2509 368 2547 τε]
394 2504 432 2541 δὲ
458 2503 537 2538 WE
562 2506 681 2537 autem
706 2501 775 2536 Lat
883 2502 902 2534 9
927 2495 1137 2544 *ἐληλύθει1
1163 2492 1391 2542 εἰσεληλύθει
1416 2494 1529 2529 LAW
1637 2498 1676 2530 10
1702 2491 1988 2541 ὁεηθησόμενοσ

316 2561 348 2596 Ε
442 2556 641 2601 εἰπόντων]
667 2553 901 2603 φρασάντων
925 2554 1006 2590 WE
1103 2557 1139 2588 11
1168 2549 1315 2589 *αὑτὸν
1338 2561 1406 2586 om.
1427 2551 1472 2585 W
1570 2553 1608 2585 12
1634 2552 1748 2596 φίλον
1778 2571 1815 2576 -
1843 2548 1987 2593 εὔνουν]

316 2618 471 2653 amicum
496 2621 540 2658 te,
565 2615 693 2659 inquit,
720 2614 837 2649 sciens
860 2612 977 2647 solum
999 2610 1143 2655 fidelem
1168 2609 1238 2644 Lat
1340 2607 1485 2643 *εἰπεῖν
1508 2607 1554 2641 W
1664 2604 1782 2650 εἰδὼς]
1808 2601 1920 2644 εἰδώσ
1945 2619 1988 2645 σε

316 2673 513 2709 PFLAVE
605 2671 767 2716 ἐμαυτιῦ,
792 2673 823 2706 ὦ
848 2679 892 2704 ex
918 2671 962 2705 οῦ
988 2677 1080 2702 corr.
1106 2666 1134 2700 P
1229 2665 1271 2702 σὲ
1294 2661 1429 2709 μόνον]
1456 2660 1599 2708 σεμνὸν
1622 2665 1707 2707 (σεμ
1725 2664 1747 2698 ἰ.
1766 2673 1836 2699 ras.
1855 2663 1900 2705 F)
1925 2662 1984 2699 PF

318 2727 460 2774 σεμνόν
485 2742 525 2766 τε
549 2731 612 2765 καὶ
629 2728 695 2762 LA
711 2724 835 2772 μόνον
854 2725 885 2760 V
959 2728 998 2760 15
1024 2720 1140 2760 αῦτοῦ
1156 2721 1256 2757 FAV
1274 2719 1409 2758 ἑαυτοῦ
1427 2720 1508 2755 WE
1582 2722 1622 2754 16
1640 2715 1758 2756 αι’-τὸν
1774 2719 1989 2756 FLAVWE

435 2791 469 2821 17
497 2783 578 2827 τὸν]
605 2787 745 2821 τοῦτον
769 2780 840 2819 τὸν
863 2781 977 2817 LAW
1003 2783 1141 2817 τοῦτον
1166 2779 1198 2814 Ε
1306 2780 1345 2813 18
1371 2778 1446 2823 φῆσ
1472 2775 1564 2810 PFL
1661 2780 1699 2810 19
1724 2771 1871 2814 *αὐτοῦ
1897 2776 1945 2811 W

317 2845 405 2879 *σοι
432 2845 628 2888 φοροῦντα
654 2851 722 2876 om.
749 2839 813 2875 LA
920 2839 1011 2874 *καὶ
1036 2834 1261 2884 προάγοντα
1286 2845 1353 2870 om.
1380 2833 1444 2867 LA
1547 2835 1590 2867 20
1615 2828 1850 2879 *ἀναγκαῖον
1874 2833 1922 2868 L¹

317 2901 448 2946 qiam]
475 2911 545 2933 σου
568 2899 691 2943 φίλων
708 2897 790 2932 WE
860 2898 894 2930 21
926 2896 1019 2941 *τῆς
1036 2905 1105 2930 om.
1124 2893 1170 2928 W
1274 2888 1294 2928 5
1322 2901 1389 2926 om.
1409 2889 1489 2924 WE
1511 2889 1592 2925 fort.
1613 2893 1710 2924 recte
1804 2893 1846 2925 22
1871 2886 1990 2927 αὑτὸν

318 2955 347 2989 F
441 2949 542 3000 η’κειν
567 2954 598 2988 V
