2107 3377
357 184 407 222 16
837 184 999 228 ANTIQ.
1025 184 1123 220 IUD.
1149 184 1199 218 XI
1227 186 1358 219 61—67
1385 186 1539 228 (1¹1.s.9)

352 307 447 349 τοῖς
479 298 704 349 Ιουδαίοις
733 297 814 348 τὰς
842 297 1078 352 βασιλικὰς
1103 302 1267 354 χρείας,
1301 294 1430 355 ἀνῆκέ
1459 314 1508 341 τε
1539 300 1690 341 πᾶσαν
1718 296 1771 354 ἣν
1803 291 1856 342 ἂν
1887 316 2021 343 κατα-

354 375 472 419 σχεῖν
503 366 759 424 δυνηθῶσιν
789 368 867 422 τῆς
884 365 1032 421 χώρας
1063 361 1195 421 ἀτελῆ
1226 365 1379 423 φόρων
1409 361 1559 416 αὐτοῖς
1590 369 1821 421 νέμεσθαι.
1881 383 2037 423 προσ-·

353 433 480 484 έταξε
510 433 557 476 δὲ
585 435 658 476 καὶ
688 433 791 484 τοὺς
811 430 1089 488 Ἷδουμαίους
1117 435 1188 476 καὶ
1221 437 1502 489 Σαμαρείτας
1530 435 1603 476 καὶ
1633 434 1736 484 τοὺς
1767 432 1812 476 ἐκ
1830 437 1910 491 τῆς
1929 439 2022 478 κοί-

354 503 430 559 λης
466 505 629 557 Συρίας
669 497 851 559 ἀφεῖναι
887 501 969 553 τὰς
1007 502 1177 557 κώμας,
1219 500 1270 551 ἃς
1310 503 1397 543 τῶν
1431 496 1656 545 Ἰουδαίων
1694 510 1914 556 κατεῖχον,
1950 504 2023 546 καὶ

355 571 541 625 προσέτι
578 565 775 612 τάλαντα
812 570 1086 628 πεντήκοντα
1123 569 1186 620 εἷς
1216 569 1295 626 τὴν
1326 569 1585 623 οἰκοδομίαν
1624 571 1702 611 τοῦ
1734 569 1854 624 ἱεροῦ
1885 568 2025 627 δοθῆ·
2053 579 2073 612 5

285 642 441 682 62ναι.
500 636 631 679 θύειν
660 654 708 680 τε
741 633 890 688 αὐτοῖς
919 636 999 688 τὰς
1038 640 1354 692 νενομισμένας
1390 640 1557 687 θυσίας
1595 636 1816 692 ἐπέτρεψε
1845 638 1916 680 καὶ
1946 636 2026 692 τὴν

351 709 562 762 χορηγίαν
593 701 775 748 άπασαν
804 707 877 749 καὶ
917 722 995 763 την
1037 704 1157 760 ἱερὰν
1190 704 1361 761 στολήν,
1400 708 1425 762 ἡ
1468 705 1775 759 θεραπεύουσι
1803 703 1882 748 τὸν
1912 704 2025 748 θεὸν

355 768 380 815 ό
411 789 459 816 τε
490 769 715 853 ἀρχιερεύς
734 774 807 816 καὶ
830 790 873 816 οι
897 773 1040 828 ἱερεῖς,
1072 773 1117 816 ἐκ
1146 775 1233 815 τῶν
1257 772 1382 815 ἰδίων
1412 775 1634 828 γίιεσθαι,
1665 773 1736 816 καὶ
1768 782 1862 823 τοῖς
1882 778 2025 817 Λευί-

288 845 340 884 63
355 857 453 891 ταις
482 840 538 883 τὰ
569 837 747 897 ὄργανα,
780 840 847 892 οἷς
878 839 1064 896 ὑμνοῦσι
1094 840 1170 884 τὸν
1192 840 1314 892 θεόν,
1346 842 1420 883 καὶ
1441 849 1537 891 τοῖς
1558 839 1721 898 φύλαξι
1750 857 1829 897 της
1850 841 2026 892 πόλεως

353 910 427 952 καὶ
457 911 536 952 τοῦ
574 911 683 952 ναοῦ
722 910 993 964 προσέταξεν
1032 908 1215 964 κλήρους
1255 910 1332 965 γῆς
1364 908 1558 964 δοθῆναι
1595 910 1669 952 καὶ
1699 907 1812 951 κατὰ
1843 908 2027 952 ἕκαστον
2057 917 2073 950 1

355 976 452 1027 ἔτος
484 974 729 1033 ὡρισμένον
759 994 803 1020 τι
834 976 949 1033 πρὸς
978 976 1056 1033 τὴν
1086 978 1165 1019 τοῦ
1194 980 1295 1030 βίου
1324 980 1476 1032 χρείαν
1508 971 1726 1032 ἆργύριον,
1765 979 1948 1032 πέμψαι
1979 977 2026 1021 δὲ

354 1046 428 1088 καὶ
466 1043 522 1087 τὰ
564 1044 712 1102 σκεύη,
754 1047 827 1088 καὶ
866 1045 1035 1097 πάντα,
1077 1039 1162 1087 ὅσα
1193 1046 1338 1099 Κῦρος
1377 1043 1464 1099 πρὸ
1500 1040 1635 1087 αὐτοῦ
1667 1043 1890 1102 ἐβουλήθη
1922 1046 2025 1099 περὶ

354 1114 432 1169 τῆς
461 1115 550 1155 τῶν
575 1109 801 1156 Ἰουδαίων
833 1108 1251 1162 ἀποκαταστάσεως,
1283 1113 1422 1154 ταῦτα
1451 1114 1525 1156 καὶ
1555 1116 1748 1168 Δαρεῖος
1779 1111 2026 1163 διετάξατο.

287 1186 341 1224 64
470 1184 509 1224 9.
546 1180 695 1235 Τυχὼν
727 1171 802 1223 οὖν
822 1180 991 1223 τούτων
1013 1178 1136 1233 παρὰ
1157 1181 1234 1221 τοῦ
1255 1180 1475 1233 βασιλέως
1496 1179 1810 1238 Ζοροβάβηλος
1831 1179 2027 1231 ἐξελθών

355 1245 446 1291 άπὸ
490 1250 578 1291 τῶν
616 1249 856 1303 βασιλείων
894 1249 968 1290 καὶ
1010 1243 1270 1301 ἀναβλέψας
1311 1246 1374 1297 εἷς
1411 1245 1488 1290 τὸν
1529 1242 1717 1303 οὐρανὸν
1756 1244 2071 1304 εὐχαριστεῖνι

354 1313 517 1373 ἤρξατο
556 1318 619 1372 τῷ
658 1317 757 1372 θεῷ
795 1318 872 1371 τῆς
913 1319 1079 1373 σοφίας
1117 1316 1190 1357 καὶ
1229 1331 1307 1369 της
1337 1331 1395 1357 επ
1440 1310 1548 1372 αἰτῇ
1580 1318 1718 1372 νίκης,
1750 1314 1801 1372 ἣν
1831 1320 2028 1372 Δαρείου

355 1383 579 1440 παρόντος
619 1384 794 1438 ἐλαβεν·
846 1379 895 1426 οὗ
933 1383 1024 1472 γὰρ
1066 1401 1119 1426 αν
1157 1381 1325 1425 τούτων
1367 1377 1619 1438 ἀξιωθῆναι
1662 1400 1719 1461 μη
1762 1385 1861 1436 σοῦ,
1901 1388 2026 1442 φησί,

286 1456 338 1495 65
355 1452 565 1504 δέσποτα,
596 1450 737 1506 τυχών
769 1448 1017 1506 εὖμενοῦἕίς
1076 1445 1200 1493 ταῦτ’
1237 1441 1312 1494 οὖν
1344 1452 1447 1506 περὶ
1478 1453 1566 1493 τῶν
1597 1450 1832 1505 παρόντων
1854 1445 2026 1507 εὔχαρι-

356 1535 521 1576 στησας
558 1523 621 1576 τῶ
660 1522 759 1576 θεῷ
795 1522 869 1564 καὶ
908 1519 1023 1574 πρὸς
1067 1518 1122 1562 τά
1167 1521 1385 1574 μέλλοντα
1427 1520 1607 1576 δεηθεὶς
1644 1516 1777 1562 αὑτὸν
1816 1522 2025 1574 παρέχειν

355 1582 524 1641 ὅμοιον,
569 1583 669 1644 ἧκεν
709 1563 773 1638 είς
812 1589 1058 1643 Βαβυλῶνα
1096 1589 1168 1630 καὶ
1206 1597 1300 1638 τοῖς
1339 1585 1586 1645 ὁμοφύλοις
1625 1583 1933 1645 εὗηγγελίσατο
1971 1586 2068 1630 vde}

287 1659 340 1699 66
356 1654 480 1711 παρὰ
511 1658 587 1698 τοῦ
617 1657 851 1711 βασιλέως.
912 1656 955 1699 οἱ
995 1655 1042 1698 δὲ
1084 1650 1347 1706 ἆκούσαντες
1384 1651 1689 1709 εὐχαριστοῦσι
1725 1655 1806 1709 μὲν
1835 1657 1899 1711 τῷ
1928 1657 2026 1712 θεῷ

356 1723 493 1767 πάλιν
526 1719 677 1774 αὐτοῖς
709 1720 977 1767 ἀποδιδόντι
1007 1722 1085 1781 τὴν
1116 1723 1308 1777 πάτριον
1337 1725 1428 1779 γῆν,
1470 1723 1533 1774 εἷς
1572 1723 1619 1766 δὲ
1660 1722 1800 1766 πότον
1837 1724 1910 1766 καὶ
1940 1722 2025 1765 κώ-

355 1807 464 1845 μους
503 1794 746 1847 τραπέντες
787 1787 861 1848 ἐφ’
899 1788 1062 1847 ἡμέρας
1102 1790 1216 1834 ἑπτὰ
1262 1791 1468 1848 διήγαγον
1509 1786 1799 1845 εὐωχούμενοι
1835 1791 1908 1834 καὶ
1947 1790 2026 1847 τὴν

287 1864 340 1903 67
357 1855 594 1916 ἀνάκτησιν
632 1861 704 1902 καὶ
747 1860 1086 1915 παλιγγενεσίαν
1131 1861 1207 1916 τῆς
1245 1860 1462 1914 πατρίδος
1507 1858 1799 1912 ἑορτάζοντες.
1869 1858 2027 1902 ἔπειτα

470 1997 489 2037 ξ
515 1997 553 2028 61
581 2013 625 2025 =
653 1998 682 2030 1.
702 1995 796 2030 Esra
820 1994 869 2031 1v
895 1998 948 2030 50.

470 2106 792 2142 PFLAVWELat
803 2107 964 2142 Zonaras
988 2108 1018 2142 1.
1044 2119 1078 2152 p.
1106 2110 1184 2142 313.

473 2167 488 2199 1
514 2170 720 2211 κατασχεῖν
744 2165 967 2211 δυνηθῶσιν]
994 2161 1175 2200 δύνωνται.
1200 2169 1406 2208 κατασχεῖν
1432 2164 1462 2196 A
1579 2165 1598 2196 2
1624 2165 1810 2209 δυνηθῶσι
1834 2161 1978 2198 FLVW

357 2215 498 2257 αὖτοὺσ
514 2220 693 2256 FLAVW
789 2224 808 2255 3
823 2225 841 2244 *
852 2219 1084 2265 ἰδουμαιόυσ,
1099 2233 1118 2256 ο
1135 2225 1218 2264 post
1232 2223 1253 2256 δ
1266 2229 1308 2254 ex
1327 2235 1355 2256 ω
1372 2223 1435 2254 aut
1454 2234 1476 2255 α
1494 2229 1584 2254 corr.
1604 2219 1634 2253 L
1729 2221 1976 2266 *σαμαρίτασ
1996 2219 2022 2254 Ρ

470 2280 491 2312 4
515 2275 688 2322 *κώμας]
712 2273 847 2324 χώρασ
872 2277 935 2313 Fv
961 2280 997 2312 et
1013 2277 1034 2311 i.
1054 2287 1163 2321 marg.
1190 2279 1220 2311 A
1246 2291 1292 2323 γρ
1316 2274 1452 2320 κώμασ
1476 2276 1499 2311 i.
1525 2286 1633 2321 marg.
1660 2276 1689 2310 F
1807 2280 1827 2311 5
1852 2276 2025 2323 προσέτι]

357 2333 515 2380 προσέτι
548 2336 612 2370 καὶ
644 2334 692 2369 W
839 2333 906 2380 τὴν
938 2333 1021 2370 οἰκο
1050 2336 1062 2376 ΙΙ
1085 2333 1145 2368 fin.
1171 2333 1233 2368 fol.
1260 2336 1298 2374 (ὅ,
1332 2333 1465 2368 excidit
1498 2333 1692 2378 insequens
1727 2342 1841 2378 usque
1863 2331 1911 2368 ad
1935 2333 1957 2376 ξ
1983 2335 2026 2366 ῖο

356 2387 461 2435 εἶχον
485 2390 512 2425 Ρ
647 2390 764 2438 ἱεροῦ]
790 2394 885 2427 ναοῦ
909 2391 940 2426 Ε
1076 2394 1095 2424 6
1121 2391 1204 2432 *τε1
1229 2389 1266 2426 δὲ
1292 2389 1356 2423 FA
1495 2385 1664 2426 *αὐτοὺσ
1686 2389 1783 2425 FLV
1807 2391 1843 2424 et
1865 2398 1910 2424 ex
1933 2397 2025 2423 corr.

356 2449 389 2480 A
413 2457 474 2482 eos
498 2447 569 2482 Lat
706 2449 842 2490 θυσίας
865 2446 1067 2495 ἐπέτρεψε]
1093 2448 1233 2484 &volae
1257 2444 1442 2491 ἐπέτρευινε
1468 2446 1505 2482 δὲ
1531 2445 1641 2480 FLW
1675 2445 1863 2494 ἐπέτρεψε
1886 2447 2027 2483 &valae

356 2501 545 2550 ἐπέτρεψε
570 2504 607 2541 δὲ
624 2505 657 2539 A
680 2503 869 2551 ἐπέτρεψε
894 2506 1037 2541 θυσίασ
1053 2504 1085 2539 Ε
1179 2507 1196 2537 ἰ’
1223 2503 1361 2544 *θεὸν]
1389 2499 1483 2538 ναὸν
1507 2502 1535 2535 F
1638 2505 1656 2537 8
1681 2497 1737 2538 *δ’
1754 2516 1794 2540 τε
1820 2499 2027 2550 ἀρχιερεὺς]

357 2566 391 2595 et
413 2561 600 2607 principes
622 2561 851 2596 sacerdotum
877 2561 948 2596 Lat
1029 2560 1152 2607 *ἱρεῖσ
1178 2560 1222 2593 W
1305 2561 1417 2595 *τοΐσ
1441 2569 1485 2594 ex
1514 2566 1597 2594 ταῖσ
1622 2569 1716 2595 corr.
1741 2558 1772 2593 L
1846 2563 1881 2594 11
1911 2559 2029 2605 *πέμ-

359 2620 440 2662 uvat]
467 2618 666 2653 transmisit
690 2618 761 2653 Lat
786 2616 932 2664 ἔπεμψε
957 2618 1033 2653 Zon
1059 2617 1212 2662 πέμψας
1235 2616 1291 2651 ed.
1317 2626 1370 2660 pr.
1499 2619 1538 2651 12
1565 2618 1732 2662 *Κῖ-ρος]
1760 2613 1780 2652 ὃ
1805 2614 1927 2662 κύροσ
1952 2616 1982 2651 F

359 2671 436 2720 πρὸ
464 2670 580 2712 αι’-τοῦ
604 2672 805 2722 ἐβουλήθη]
831 2671 1024 2722 ἠβουλήθη
1050 2671 1126 2721 πρὸ
1154 2669 1270 2710 αὐτοῦ
1296 2672 1375 2707 AW
1400 2667 1594 2719 ἠβουλήθη
1619 2672 1650 2706 Ε
1763 2676 1802 2708 14
1828 2670 1933 2719 παρὰ
1959 2676 2029 2711 τοῦ

357 2731 550 2776 βασιλέωσ
575 2729 722 2768 τούτων
746 2736 789 2766 tr.
815 2731 861 2765 W
966 2728 1236 2778 ζοροβάβελοσ
1260 2729 1289 2763 F
1326 2726 1346 2765 ὁ
1373 2726 1639 2776 ζοροβάβηλος
1664 2729 1694 2763 L
1725 2734 1760 2764 et
1785 2733 1825 2763 ut
1849 2729 1919 2764 uid.
1946 2729 1979 2764 Ε
2005 2726 2026 2767 ὃ

358 2785 629 2835 ζοροβάβελοσ
653 2788 683 2822 V
758 2792 797 2822 15
823 2784 915 2831 άπὸ]
941 2787 983 2824 ἐκ
1008 2787 1088 2822 WE
1185 2790 1225 2823 16
1249 2782 1311 2823 ἐπ’
1339 2782 1441 2822 αι’·τῶ
1468 2785 1495 2819 Ι’“
1521 2790 1555 2820 et
1581 2785 1663 2820 fort.
1690 2785 1761 2820 Lat
1845 2788 1885 2820 18
1910 2789 2028 2823 ταῦτα

358 2844 404 2877 W
503 2848 542 2880 19
568 2841 686 2881 αὐτὸν
703 2845 864 2879 LAV¹W
891 2841 1008 2882 αὐτοῦ
1026 2845 1055 2879 F
1149 2847 1190 2879 20
1217 2839 1262 2880 τὰ
1289 2839 1391 2889 παρὰ
1421 2845 1486 2878 τοῦ
1509 2841 1708 2888 βασιλέως]
1734 2841 1832 2886 reqis
1856 2841 2031 2879 mandata

359 2900 430 2936 Lat
546 2904 583 2935 21
613 2899 730 2948 παρὰ]
756 2901 831 2936 Zon
857 2902 912 2937 ed.
931 2913 984 2946 pr.
1012 2903 1097 2947 περὶ
1124 2900 1226 2935 codd.
1256 2900 1284 2934 Ε
1423 2902 1464 2934 24
1491 2894 1687 2934 ἀνάκτισιν
1711 2898 1741 2933 V
1873 2901 1936 2935 καὶ
1963 2896 2031 2945 τὴν

359 2958 650 3003 παλιγγειέσιάι·
678 2958 784 2992 LAW
