2107 3377
182 379 262 419 172

184 854 261 895 173

185 1197 263 1236 174

185 1470 263 1509 175

185 1674 264 1714 176

293 192 374 230 272
764 192 925 236 ANTIQ.
950 191 1048 228 IUD.
1074 192 1160 228 XIV
1186 195 1364 229 171-176
1389 196 1449 237 (1x.
1465 197 1498 237 4)

294 303 440 357 οὐδεὶς
469 308 556 349 τῶν
587 309 696 363 πρὶν
727 301 978 362 ἀφικέσθαι
1009 306 1352 361 διαβαλλόντων,
1387 301 1484 347 ἀλλ’
1509 297 1562 363 ἦν
1591 304 1751 365 ἡσυχία
1781 309 1853 350 καὶ
1883 309 1963 351 τοῦ

291 380 337 418 τί
373 374 453 433 χρὴ
503 382 652 418 ποιεῖν
695 369 878 429 ἀπορία.
953 374 1239 429 διακειμένων
1280 369 1321 417 δ’
1362 368 1502 425 οὕτως
1550 373 1613 424 εἷς
1652 391 1720 425 τις
1758 379 1963 430 Σαμαίας

292 440 447 498 ὄνομα,
480 442 649 492 δίκαιος
681 437 790 498 ἀνὴρ
820 443 894 485 καὶ
917 440 991 484 διὰ
1021 445 1153 486 τοῦτο
1184 445 1264 486 τοῦ
1291 442 1484 485 δεδιέναι
1513 445 1736 497 κρείττων,
1769 439 1964 493 ἆναστὰς

294 508 440 554 εἶπεν·
487 507 673 563 ,,ἀ’νδρες
714 507 918 565 σύνεδροι
955 511 1029 553 καὶ
1065 512 1272 565 βασιλεῦ,
1315 509 1378 560 εἰς
1417 509 1540 567 δίκην
1578 510 1659 564 μὲν
1699 506 1794 553 οὔτ’
1831 506 1965 562 αὐτὸς

294 577 395 622 οἶδά
443 595 542 621 τινα
583 579 672 619 τῶν
708 576 899 620 πώποτε
946 577 1009 628 εἷς
1047 575 1163 632 ὑμᾶς
1200 579 1472 635 κεκλημένων
1513 572 1628 621 οὕτω
1670 578 1965 633 παραστάντα

294 643 396 689 οὕτε
439 643 554 700 ’ὑμᾶς
598 643 710 698 ἔχειν
756 643 898 689 εἰπεῖν
943 643 1271 701 ὑπολαμβάνω,
1319 642 1430 688 ἀλλὰ
1473 647 1564 696 πᾶς
1608 643 1964 704 ὁστισδηποτοῦν

295 711 481 771 ἀφῖκται
513 712 575 763 εἷς
604 711 654 756 τὸ
680 713 906 769 συνέδριον
937 716 1066 757 τοῦτο
1097 713 1423 771 κριθησόμενος
1453 713 1666 765 ταπεινὸς
1688 718 1965 770 παρίσταται

292 784 365 825 καὶ
399 781 589 840 σχήματι
620 780 871 832 δεδοικότος
900 783 975 825 καὶ
1003 781 1124 825 ἔλεον
1154 785 1419 840 θηρωμένου
1452 778 1562 837 παρ)
1588 779 1723 837 ὑμῶν,
1753 780 1892 840 κόμην
1918 777 1960 824 τ’

295 849 558 905 ἐπιθρέψας
587 850 660 892 καὶ
683 847 855 907 ἐσθῆτα
875 851 1089 903 μέλαιναν
1117 849 1412 904 ἐνδεδυμένος.
1464 848 1486 892 ὁ
1511 850 1559 893 δὲ
1577 850 1808 905 βέλτιστος
1822 846 1966 905 ζΗρώ-

295 919 372 975 δης
403 917 543 975 φόνου
576 918 698 976 δίκην
730 917 903 974 φεύγων
933 919 1004 960 καὶ
1040 913 1111 960 ἐπ’
1149 917 1274 974 αἰτίᾳ
1310 916 1491 974 τοιαύτῃ
1522 919 1782 975 κεκλημένος
1814 916 1967 975 ἕστηκε

293 985 372 1044 τὴν
404 984 642 1043 πορφύραν
664 989 970 1041 περικείμενος
1001 987 1074 1027 καὶ
1105 985 1183 1043 τὴν
1211 984 1407 1042 κεφαλὴν
1436 988 1758 1043 κεκοσμημένος
1787 987 1841 1042 τῇ
1864 999 1965 1028 συν-

294 1057 424 1097 θέσει
454 1056 532 1112 τῆς
570 1053 706 1110 κόμης
753 1054 826 1095 καὶ
863 1054 968 1107 περὶ
1006 1048 1139 1095 αὐτὸν
1179 1051 1287 1106 ἔχων
1318 1049 1529 1104 ὁπλίτας,
1569 1052 1643 1094 ἵνα
1675 1045 1728 1095 ἂν
1757 1056 1965 1108 κατακρί-

294 1138 436 1176 νωμεν
477 1117 612 1165 αὐτοῦ
649 1120 761 1163 κατὰ
800 1119 877 1162 τὸν
917 1119 1066 1174 νόμον,
1104 1123 1249 1176 κτείνῃ
1289 1119 1369 1174 μὲν
1405 1116 1541 1177 ἡμᾶς,
1583 1115 1716 1162 αὐτὸν
1757 1119 1804 1162 δὲ
1845 1119 1965 1176 σώσῃ

293 1189 565 1244 βιασάμενος
595 1187 644 1232 τὸ
675 1189 860 1231 δίκαιον.
910 1183 1011 1230 ἀλλ’
1033 1185 1231 1244 Ἡρώδην
1260 1187 1340 1241 μὲν
1371 1187 1446 1230 ἐπὶ
1467 1187 1644 1237 τούτοις
1674 1182 1750 1231 οὗκ
1782 1180 1834 1231 ἂν
1854 1203 1966 1243 μεμ-

294 1261 482 1314 ψαίμην,
516 1257 555 1299 εἰ
585 1255 634 1300 τὸ
670 1252 804 1299 αὐτοῦ
836 1259 1063 1313 συμφέρον
1094 1264 1293 1298 ποιεῖται
1325 1258 1430 1311 περὶ
1462 1257 1670 1306 πλείονος
1702 1248 1728 1312 ἢ
1758 1254 1807 1299 τὸ
1842 1255 1968 1310 νόμι-

293 1342 390 1380 μον,
421 1323 535 1380 ὑμᾶς
567 1325 706 1368 δὲκαὶ
737 1324 819 1367 τὸν
844 1325 1034 1379 βασιλέα
1065 1323 1283 1380 τοσαύτην
1312 1320 1467 1367 ἄδειαν
1499 1319 1618 1380 αὐτῷ
1639 1323 1966 1380 παρασχόντας.

293 1392 390 1435 ἴστε
420 1396 573 1448 μέντοι
603 1391 680 1436 τὸν
711 1392 823 1436 θεὸν
853 1395 1002 1448 μέγαν,
1040 1393 1113 1436 καὶ
1146 1387 1293 1444 οὗτος,
1335 1390 1384 1435 ὃν
1416 1394 1491 1435 νῦν
1523 1387 1584 1436 δι)
1614 1389 1820 1447 Ὑρκανὸν
1851 1387 1967 1436 ἆπο-

296 1462 428 1504 λῦσαι
461 1460 705 1516 βούλεσθε,
746 1460 928 1503 κολάσει
957 1457 1072 1515 ὑμᾶς
1111 1477 1159 1504 τε
1188 1461 1261 1503 καὶ
1294 1458 1427 1503 αὐτὸν
1466 1459 1543 1503 τὸν
1572 1460 1806 1514 βασιλέα.“
1872 1459 1968 1518 διή-

295 1546 460 1587 μαρτεν
501 1524 542 1571 δ’
587 1524 714 1572 οὐδὲν
752 1531 841 1572 τιῦν
881 1528 1135 1587 εἰρημένων.
1204 1525 1226 1572 oc
1267 1527 1350 1584 γὰρ
1386 1525 1584 1586 Ἡρώδης
1619 1526 1698 1586 τὴν
1734 1528 1968 1583 βασιλείαν

295 1596 572 1655 παραλαβών
612 1596 785 1648 πάντας
822 1592 1080 1640 ἀπέκτεινεν
1109 1596 1213 1647 τοὺς
1250 1595 1294 1640 ἐν
1324 1598 1389 1653 τῷ
1421 1596 1635 1652 συνεδρίῳ
1664 1597 1739 1639 καὶ
1765 1593 1970 1652 Ὑρκανὸν
2000 1610 2008 1618 ·

297 1664 429 1711 αὐτὸν
458 1667 593 1720 χωρὶς
623 1667 702 1708 τοῦ
727 1669 954 1720 Σαμαίου·
987 1664 1164 1722 σφόδρα
1193 1663 1276 1721 γὰρ
1310 1661 1441 1708 αὐτὸν
1473 1663 1547 1708 διὰ
1578 1663 1656 1722 τὴν
1689 1662 1970 1720 δικαιοσύνην

296 1735 500 1792 ἐτίμησεν
538 1735 612 1777 καὶ
644 1729 714 1777 ὅτι
743 1736 822 1789 τῆς
852 1733 1029 1783 πόλεως
1066 1733 1178 1788 μετὰ
1215 1735 1356 1776 ταῦτα
1387 1734 1763 1789 πολιορκουμένης
1799 1728 1888 1774 ὗπό
1921 1747 1969 1774 τε

290 1800 488 1858 ἹΙριόδοο
529 1803 602 1844 καὶ
639 1805 831 1845 Σοσσίου
863 1801 1111 1858 παρῄνεσεν
1140 1803 1204 1857 τῷ
1236 1801 1359 1857 δήμῳ
1400 1800 1621 1851 δέξασθαι
1657 1799 1734 1843 τὸν
1770 1796 1969 1856 Ἡρώδην

297 1869 438 1914 εἰπών
471 1869 545 1913 διὰ
575 1869 656 1920 τὰς
688 1866 908 1924 ἁμαρτίας
940 1866 989 1912 οὗ
1022 1869 1248 1912 δύνασθαι
1280 1868 1512 1926 διαφυγεῖν
1545 1863 1690 1911 αὗτόν.
1759 1869 1830 1910 καὶ
1863 1868 1970 1921 περὶ

295 1939 374 1993 μὲν
404 1937 572 1982 τούτων
603 1935 714 1980 κατὰ
744 1936 890 1992 χώραν
923 1936 1118 1992 ἐροῦμεν.

410 2063 773 2099 PFLAMVWELat
784 2062 946 2097 Zonaras
970 2062 987 2096 Ι
1011 2072 1046 2106 p.
1073 2063 1151 2096 406.

414 2124 426 2155 1
455 2117 748 2168 *διαβαλόντων
772 2118 834 2153 FL
907 2121 925 2152 2
948 2117 1091 2166 χρῆνΙ,
1162 2123 1286 2153 ποιεῖν
1303 2127 1371 2152 om.
1389 2115 1419 2150 L
1491 2116 1529 2152 δὲ
1547 2116 1576 2150 Ε
1649 2109 1748 2152 οὕτω
1766 2116 1794 2151 Ρ
1821 2095 1921 2154 δυτΙι

297 2178 446 2223 σαμέασ
470 2178 542 2212 MV
567 2180 603 2212 et
627 2187 671 2212 ex
695 2187 785 2211 corr.
812 2176 845 2209 A
870 2181 1039 2219 σαμαῖοσ
1063 2174 1094 2208 Ε
1119 2184 1261 2209 sameas
1286 2173 1344 2208 hic
1369 2177 1404 2207 et
1428 2172 1521 2207 infra
1545 2172 1616 2207 Lat
1685 2175 1706 2205 3
1732 2170 1871 2219 ὄνομα]
1896 2183 1965 2210 om,

296 2237 318 2272 i.
344 2246 455 2280 marg.
482 2233 598 2279 suppl.
626 2233 656 2268 L
681 2230 851 2277 τοῦνομα
877 2232 909 2266 V
935 2227 1096 2277 ὀνόματι
1122 2231 1153 2266 Ε
1298 2233 1318 2263 4
1344 2225 1441 2271 οὔτ’]
1468 2224 1553 2265 οὐδὲ
1577 2229 1608 2263 Ε
1748 2233 1767 2264 5
1793 2227 1966 2273 πώποτε]

296 2290 455 2328 πώποτε
480 2286 548 2328 ὑπ’
575 2286 693 2336 αὖτῆσ
717 2289 937 2324 FLAMVW
1076 2285 1178 2335 ἧμᾶσ
1202 2287 1267 2322 LV
1404 2282 1500 2330 υμᾶς
1525 2306 1567 2310 --
1592 2289 1612 2321 6
1632 2283 1719 2323 οὔτε
1743 2297 1812 2322 om.
1833 2287 1879 2321 W

298 2352 317 2384 6
343 2345 466 2393 *ῧμᾶς
491 2359 559 2383 om.
586 2347 613 2381 P
724 2350 741 2380 7
768 2349 883 2383 τοῦτο
910 2343 954 2382 τὸ
982 2346 1175 2392 συνέδριον
1198 2348 1243 2378 tr.
1270 2342 1489 2378 FLAMVW
1583 2345 1601 2377 S
1629 2343 1874 2390 *θηρομένου
1896 2342 1926 2378 p

298 2420 338 2443 τε
363 2404 618 2439 FLAMVWE
692 2405 731 2437 12
757 2400 915 2450 *κώμησ
940 2403 970 2437 L
1041 2398 1188 2439 *αὑτὸν
1212 2401 1251 2435 Μ
1275 2405 1311 2435 et
1327 2411 1370 2434 ex
1388 2410 1478 2434 corr.
1499 2401 1529 2433 A
1600 2395 1679 2435 *ἵν’
1705 2399 1926 2435 FLAMVW

302 2466 340 2498 123
367 2457 495 2503 cci-tofi]
522 2457 640 2498 αὐτὸν
656 2459 835 2495 FLVWE
853 2464 889 2494 et
904 2459 927 2494 i.
945 2469 1055 2503 marg.
1074 2458 1107 2492 A
1176 2456 1308 2494 κτείνει
1329 2456 1475 2490 FLWE
1494 2461 1528 2490 et
1545 2460 1585 2490 ut
1601 2457 1673 2491 uid.
1692 2457 1740 2490 A¹
1811 2451 1971 2499 *αὖτὸν1

299 2515 419 2556 αὖτὸσ
442 2517 737 2553 FLAMVWLat
867 2510 1015 2552 *αὐτὸσ
1041 2511 1141 2560 ἧμᾱσ
1164 2518 1208 2548 tr.
1235 2514 1282 2548 W
1391 2510 1504 2550 σώσει
1530 2513 1591 2547 PE
1618 2515 1725 2558 σωθῇ
1751 2511 1972 2548 FLAMVW

300 2577 469 2612 liberetur
492 2575 563 2610 Lat
684 2577 721 2609 14
747 2571 1016 2621 *βιασάμενοσ
1041 2582 1083 2607 ex
1107 2567 1353 2618 βιωσάμενοσ
1379 2580 1472 2604 corr.
1499 2570 1532 2602 A
1642 2562 1794 2616 *ἡρώόη
1818 2568 1881 2603 PV

299 2631 398 2674 *ἐπῆ
424 2630 465 2668 ἐν
490 2631 516 2665 Ρ
615 2635 652 2665 15
678 2630 750 2672 *ειἼ
778 2630 833 2666 εἰσ
860 2630 888 2663 L
984 2631 1022 2663 16
1048 2623 1208 2664 *αὖτοῖσ
1233 2627 1259 2661 P
1334 2620 1585 2673 παρασχόντα
1604 2625 1665 2660 ΡΕ
1741 2627 1777 2659 Π
1803 2624 1972 2669 *μέντοιῙ

298 2689 429 2734 μέντοι
454 2701 495 2735 γε
521 2688 560 2723 Μ
652 2687 772 2733 μέγαν
797 2683 866 2722 τὸν
891 2684 987 2722 θεὸν
1011 2690 1055 2720 tr.
1082 2683 1335 2719 FLAMVWE
1410 2685 1513 2723 *καίῐ
1539 2682 1626 2727 qnia
1651 2681 1721 2716 Lat
1813 2676 1886 2717 *δι’
1910 2678 1973 2729 ὑρ-

298 2743 420 2782 κανὸν
446 2748 510 2781 νῦν
534 2749 578 2779 tr.
605 2744 789 2778 FLAMW
816 2743 899 2778 fort.
926 2742 1050 2778 melius
1125 2744 1163 2776 18
1190 2744 1243 2782 τε]
1268 2739 1360 2776 ποτὲ
1377 2738 1632 2773 FLAMVWE
1658 2738 1879 2784 quandoque
1902 2737 1975 2773 Lat

412 2797 570 2843 *αὐτὸν]
596 2797 646 2836 δι’
674 2796 793 2837 αὐτὸν
818 2800 863 2834 W*
986 2803 1022 2834 19
1047 2799 1086 2835 δὲ
1110 2799 1140 2833 Ε
1250 2800 1291 2831 20
1317 2797 1546 2842 *συνεόρείω
1570 2795 1615 2830 Ρι
1733 2797 1771 2830 21
1800 2793 1974 2839 *σαμέου

301 2859 373 2893 MV
399 2862 434 2893 ct
457 2868 501 2892 ex
527 2868 618 2893 corr.
644 2859 676 2891 A
701 2868 858 2891 sameum
884 2856 955 2891 Lat
1048 2852 1133 2891 *διὰ
1159 2865 1226 2890 om.
1253 2853 1282 2888 L
1377 2855 1418 2887 22
1444 2857 1513 2889 *τε
1539 2863 1606 2887 om.
1635 2852 1672 2886 M
1744 2853 1785 2885 23
1811 2851 1974 2887 ‘ooolov

301 2915 362 2949 PV
456 2918 497 2949 24
523 2909 684 2950 δίῗνασέὶε
712 2913 815 2948 FMV
839 2919 875 2949 et
900 2924 942 2948 ex
968 2923 1059 2948 corr.
1085 2913 1118 2946 A
1143 2906 1347 2957 δυνήσεσθε
1372 2909 1403 2944 E
1509 2911 1667 2955 *([ι-γεῑι·
1692 2907 1723 2943 V
1823 2910 1866 2942 25
1891 2906 1973 2943 uide

302 2971 362 3006 lib.
390 2970 456 3005 XV
483 2971 559 3006 init.
