2029 3392
554 225 713 271 ANTIQ.
740 225 835 261 IUD.
861 225 947 260 XIII
974 228 1152 261 2⁴5—249
1176 228 1304 267 (vum.
1321 229 1352 268 ι)
1707 227 1783 264 197

238 345 275 384 3.
308 338 657 394 Ἀποδεξάμενος
689 339 735 382 δὲ
768 333 900 381 αὐτοῦ
930 337 1009 396 την
1040 338 1281 382 ἐπιείκειαν
1299 335 1500 393 Ὑρκανὸς
1529 338 1601 380 καὶ
1623 337 1785 392 μαθών
1817 341 1898 381 245

123 407 201 464 τὴν
233 410 333 461 περὶ
365 407 413 451 τὸ
446 411 574 450 θεῖον
606 405 803 463 σπουδὴν
834 406 1161 461 ἐπρεσβεύσατο
1202 405 1316 462 πρὸς
1356 402 1501 458 αὐτόν,
1542 400 1677 456 ἆξιιῦν
1707 405 1785 463 τὴν

125 475 315 532 πάτριον
347 472 495 524 αὐτοῖς
525 474 757 517 πολιτείαν
789 469 1051 516 ἀποδοῦναι.
1113 471 1134 515 ὁ
1169 474 1215 515 δὲ
1248 470 1543 527 ἀπωσάμενος
1572 472 1649 528 τὴν
1686 472 1785 517 ἐπι-

122 542 285 600 βουλὴν
315 545 404 586 τιῦν
424 542 504 596 μὲν
521 537 859 596 παραινούντων
883 540 1045 591 ἐξελεῖν
1066 540 1115 584 τι)
1141 542 1273 591 ἔθνος
1295 540 1368 584 διὰ
1390 540 1468 596 τήν
1490 539 1604 596 πρὸς
1627 537 1786 592 ἄλλους

73 617 92 649 5
123 607 267 654 αι”τιῦν
304 612 380 668 τῆς
419 610 591 666 διαίτης
636 604 817 663 άμιξίαν
856 604 931 650 οὐκ
971 608 1241 665 ἐφρόντιζεν,
1285 608 1559 663 πειθόμενος
1598 608 1645 651 δὲ
1683 605 1779 652 κατ’
1818 610 1899 652 246

123 675 347 733 εὐσέβειαν
379 677 525 720 πάντα
555 686 704 720 ποιεῖν
733 685 827 726 τοῖς
858 680 1151 731 πρεσβευταῖς
1183 672 1471 731 ἀπεκρίνατο,
1504 675 1785 731 παραδοῦναι

120 747 200 800 μὲν
228 745 283 788 τὰ
314 740 434 787 ὅπλα
454 743 556 795 τοὺς
578 745 978 799 πολιορκουμένους
1008 745 1079 786 καὶ
1104 743 1274 798 δασμὸν
1306 741 1423 799 αὐτῷ
1445 745 1585 787 τελεῖν
1602 740 1788 802 Ἰόππης

120 815 193 856 καὶ
223 815 309 856 τῶν
341 809 485 856 ἄλλων
517 811 693 855 πόλεων
723 811 868 866 πάρεξ
895 814 973 867 τῆς
999 807 1215 862 Ἰουδαίας
1238 812 1436 868 φρουράν
1456 828 1504 854 τε
1526 811 1787 866 δεξαμένους

121 880 196 924 ἐπὶ
226 880 401 931 τούτοις
433 877 727 938 ἀπηλλάχθαι
755 882 832 922 τοῦ
865 881 1078 935 πολέμου.
1139 880 1181 922 οἱ
1205 879 1251 922 δὲ
1272 870 1413 922 τᾶλλα
1433 880 1512 933 μὲν
1534 876 1784 934 ὑπομένειν,
1817 882 1897 922 247

52 955 89 989 10
117 947 194 1006 τὴν
226 947 273 990 δὲ
304 946 502 1005 φρουρὰν
534 943 609 1002 οὐχ
648 944 902 1004 ὡμολόγουν
944 947 1018 991 διὰ
1049 946 1127 1003 τὴν
1160 943 1340 1002 ἀμιξίαν
1372 943 1449 989 οὐκ
1480 943 1787 1003 ἐφικνούμενοι

119 1015 234 1071 πρὸς
273 1013 444 1066 ἄλλους.
507 1012 602 1058 ἀντὶ
643 1018 795 1070 μέντοι
832 1032 880 1072 γε
917 1017 995 1071 τῆς
1026 1017 1225 1073 φρουρᾶς
1256 1012 1448 1073 ὁμήρους
1479 1013 1683 1058 ἐδίδοσαν
1713 1016 1787 1058 καὶ

119 1083 313 1127 τάλαντα
357 1080 566 1140 ἀργυρίου
607 1083 900 1136 πεντακόσια,
943 1079 1002 1126 ὦν
1043 1080 1179 1134 εὐθὺς
1217 1081 1273 1125 τὰ
1311 1081 1546 1139 τριακόσια
1580 1084 1653 1126 καὶ
1683 1081 1787 1133 τους

119 1148 310 1208 ὁμήρους
340 1151 699 1207 προσδεξαμένου
729 1154 807 1195 τοῦ
837 1152 1056 1207 βασιλέως
1078 1151 1250 1203 ἔδοσαν,
1283 1149 1327 1194 ἐν
1359 1150 1425 1201 οἷς
1453 1141 1504 1208 ἧν
1535 1153 1609 1195 καὶ
1636 1149 1785 1207 εΥρκα-

119 1222 194 1262 νοῦ
240 1216 453 1277 ἀδελφός,
503 1221 710 1263 καθεῖλεν
758 1220 804 1263 δὲ
848 1221 921 1263 καὶ
960 1218 1039 1276 τὴν
1079 1218 1301 1276 στεφάνην
1337 1221 1415 1276 τῆς
1453 1218 1642 1270 πόλεως.
1710 1218 1782 1262 ἐπὶ
1818 1220 1898 1261 248

52 1293 88 1326 15
117 1287 293 1338 τούτοις
322 1288 401 1342 μὲν
433 1278 508 1330 οὖν
538 1283 761 1341 Ἀντίοχος
790 1287 868 1346 τὴν
899 1288 1162 1342 πολιορκίαν
1193 1285 1328 1337 λύσας
1359 1282 1644 1344 ἀνεχώρησεν.

235 1360 272 1398 4.
308 1353 509 1411 Ὑρκανὸς
550 1355 596 1398 δὲ
634 1354 711 1398 τὸν
741 1356 939 1398 Δαυίδου
969 1354 1114 1412 τάφον
1147 1350 1345 1407 ἀνοίξας,
1386 1354 1436 1405 ὂς
1473 1354 1653 1412 πλούτῳ
1683 1355 1785 1406 τούς
1817 1357 1897 1398 249

120 1439 232 1466 ποτε
260 1424 460 1478 βασιλεῖς
491 1420 774 1477 ὑπερέβαλεν,
814 1424 1036 1478 τρισχίλια
1065 1422 1145 1477 μὲν
1177 1418 1384 1478 ἀργυρίου
1415 1422 1610 1465 τάλαντα
1642 1421 1785 1474 ἐξεκό-

119 1507 267 1545 μισεν,
309 1488 566 1547 ὁρμώμενος
606 1487 647 1533 δ)
691 1488 779 1533 ’ὑπὸ
820 1491 987 1534 τοί-των
1026 1492 1206 1546 πρῶτος
1239 1486 1463 1533 Ἰουδαίων
1504 1490 1785 1548 ξενοτροφεῖν

233 1617 254 1660 ξ
279 1618 343 1650 249
370 1633 411 1644 =
437 1613 517 1650 ben.
543 1614 620 1649 lud.
645 1614 662 1649 1
688 1616 742 1649 61.

231 1726 514 1762 PFLAMVWE
526 1726 597 1761 Lat
619 1727 698 1762 Exc
724 1727 880 1762 Peiresc.
906 1726 1067 1762 Zonaras
1091 1726 1109 1760 I
1133 1737 1167 1770 p.
1195 1728 1272 1760 387.

235 1789 245 1818 1
276 1777 596 1828 *Ἀποδεξάμενος
618 1804 662 1809 —
686 1781 903 1825 ἐπιείκειαν]
936 1783 1134 1828 laudatque
1165 1782 1378 1817 modestiam
1408 1782 1486 1816 eius
1516 1782 1587 1817 Lat
1724 1778 1783 1819 *δ’

116 1839 302 1876 FLAMW
373 1842 391 1873 3
413 1836 433 1875 ὃ
455 1840 494 1877 δὲ
510 1860 553 1864 -
572 1843 590 1874 5
607 1836 842 1885 ἐφρόντιζεν]
861 1839 924 1884 qni
940 1850 1018 1874 cum
1037 1839 1235 1884 refutasset
1253 1839 1441 1873 consiliam
1458 1838 1684 1874 suadentium
1701 1850 1787 1884 qen-

119 1903 186 1933 tem
211 1897 297 1943 capi
318 1896 457 1942 lembus
481 1896 725 1931 dissonantem
742 1895 814 1930 Lat
882 1891 1136 1939 ἀπωσάμενος
1153 1892 1220 1941 τὴν
1236 1891 1440 1942 ἐπιβουλὴν
1456 1898 1519 1929 aut
1537 1899 1706 1940 corrupta
1722 1898 1787 1931 aut

116 1953 260 1999 spuria3
285 1955 516 1997 expectamus
542 1952 636 1987 enim
652 1952 749 1987 aliud
765 1952 848 1989 dici.
872 1952 1090 1987 Antiochum
1107 1951 1264 1996 Hyrcani
1286 1962 1409 1996 preces
1433 1951 1531 1986 haud
1554 1958 1786 1997 aspernatum

116 2019 196 2046 esse
307 2006 523 2056 ἐπιβουλὴν]
550 2006 763 2057 συμβουλὴν
786 2008 860 2043 AM
883 2004 1026 2055 βουλὴν
1048 2008 1128 2042 Exc
1152 2005 1334 2056 ἐπιβολὴν
1358 2008 1440 2044 coni
1567 2012 1587 2043 4
1615 2009 1684 2053 μὲν
1715 2019 1783 2044 om.

114 2066 268 2102 LAMW
279 2066 358 2102 Exc
443 2063 745 2111 παραινούντων]
770 2063 1062 2113 προαιροὺντων
1085 2066 1132 2100 W
1216 2064 1384 2109 ἐξελθεῖν
1407 2065 1454 2099 W
1535 2062 1682 2108 ἄλλους]
1707 2066 1786 2101 Exc

115 2123 265 2159 Hudson
282 2119 468 2169 α’λλήλουσ
481 2123 584 2158 codd.
655 2125 674 2156 5
693 2117 855 2166 α’μιξίαν]
874 2117 982 2166 άξίαν
995 2122 1074 2157 Exc
1144 2119 1346 2168 ἐφρόντισε
1362 2122 1402 2156 Μ
1471 2119 1740 2166 πυθόμενοσῩ

116 2184 136 2216 6
161 2175 286 2218 πάντα
311 2185 436 2217 ποιεῖν
459 2177 557 2215 κατὰ
583 2174 687 2221 (κατ’
706 2179 738 2213 Ε
752 2179 842 2215 Exc)
868 2179 1064 2226 εὐσέβειαν
1080 2181 1124 2213 tr.
1144 2178 1300 2213 AMWE
1311 2178 1390 2212 Exc
1460 2179 1723 2223 *παραδοῦναι
1742 2199 1783 2204 -

115 2240 136 2274 9
153 2237 323 2280 πολέμου
335 2235 396 2271 uix
413 2245 503 2270 sana
520 2238 604 2269 sunt
675 2238 691 2268 ἰ’
710 2235 832 2281 λέγων
848 2239 931 2270 ante
947 2237 1010 2271 καὶ
1027 2235 1105 2271 add.
1119 2235 1151 2269 E
1222 2232 1337 2282 ἰόπησ
1354 2235 1386 2269 Ε
1397 2234 1476 2269 Exc
1484 2235 1626 2269 Bekker
1642 2230 1785 2281 ἰόππην

114 2293 144 2328 Ρ
214 2296 233 2328 8
258 2289 391 2339 πάρεξ]
416 2291 605 2327 FVEExc
629 2291 738 2339 πέριξ
759 2292 786 2326 Ρ
811 2295 889 2328 τῶν
912 2291 1021 2339 πέριξ
1034 2291 1260 2326 LAMWLat
1329 2291 1411 2332 *τε]
1437 2291 1475 2327 δὲ
1500 2291 1581 2325 coni
1650 2294 1669 2326 9
1695 2290 1784 2328 *ἐπὶ

115 2346 266 2392 τούτοις
290 2359 358 2383 om.
384 2349 465 2383 Exc
495 2389 501 2392 ⁴
543 2343 589 2383 τὰ
617 2345 712 2385 ἄλλα
736 2348 770 2383 Ε
862 2344 1066 2392 ὑπέμειναν
1090 2347 1155 2383 FV
1179 2344 1368 2392 ὑπέμενον
1391 2347 1669 2383 LAMWEExc
1692 2343 1784 2384 ὑπο-

116 2435 243 2474 μενεῖν
267 2428 349 2464 coni
421 2431 461 2463 10
487 2406 585 2465 *οὖίκῖ
613 2423 840 2474 ὡμολόγουν
863 2427 894 2461 L
986 2422 1264 2472 ἐφικνούμενοι]
1288 2423 1568 2472 ἐπιμιγνύμενοι
1591 2426 1784 2462 AMEExc

115 2482 396 2532 ἐπιμιγνύμενοι
428 2480 485 2521 διὰ
519 2482 587 2531 τὴν
610 2484 657 2519 W
800 2486 837 2518 11
865 2480 1013 2526 ἄλλους]
1039 2484 1159 2518 EExc
1191 2480 1380 2529 ἀλλήλουσ
1406 2481 1507 2517 codd.
1646 2496 1690 2529 γε
1714 2494 1781 2519 om,

116 2541 272 2576 AMWE
284 2540 362 2576 Exc
431 2536 599 2577 *ἔδοσαν
617 2541 697 2575 Exc
790 2542 831 2573 12
857 2533 911 2575 ὧν
930 2560 966 2564 -
991 2542 1031 2573 14
1050 2536 1225 2585 ἀδελφός]
1250 2550 1300 2575 ea:
1323 2539 1454 2585 quihus
1477 2539 1596 2573 statim
1624 2545 1784 2575 trecenta

119 2607 196 2632 cum
222 2597 406 2633 obsidibus
422 2596 639 2639 obtuleruut,
663 2597 759 2631 inter
776 2607 868 2641 quos
884 2599 964 2630 erat
980 2600 1014 2630 et
1028 2595 1152 2640 frater
1168 2595 1330 2642 hyrcani.
1357 2605 1450 2640 qaae
1474 2605 1553 2629 cum
1569 2596 1786 2641 suscepisset

118 2663 188 2688 rex
210 2652 400 2689 antiochus
423 2652 494 2687 Lat
561 2649 775 2699 τριακόσια]
800 2649 1008 2699 τριάκοντα
1033 2651 1065 2686 Ε
1087 2643 1110 2687 ἶ.
1131 2652 1211 2686 Exc
1306 2654 1346 2686 13
1370 2651 1725 2698 *προσδεξαμένου-
1750 2653 1783 2686 A

120 2708 321 2752 δεξαμένου
343 2709 423 2744 Exc
507 2712 588 2751 τοῦ]
614 2709 652 2746 δὲ
676 2711 745 2745 τοῦ
769 2708 815 2743 W
906 2705 1072 2744 *ἔδοσαν
1096 2719 1163 2743 om.
1188 2707 1285 2743 PFV
1375 2706 1417 2744 ἐν
1442 2703 1498 2749 οἷς
1516 2728 1556 2732 ψ
1580 2711 1619 2742 14
1636 2705 1784 2751 πόλεως

120 2773 189 2799 om.
208 2764 235 2798 P
304 2764 346 2801 ἐν
370 2761 427 2808 οἷς
443 2786 485 2790 -
505 2768 547 2800 14
572 2761 735 2812 ἀδελφός
758 2775 826 2800 om.
853 2765 886 2799 E
970 2767 1010 2799 14
1035 2765 1246 2800 *καθεῖλον
1270 2764 1350 2799 coni
1433 2766 1473 2798 15
1499 2763 1596 2808 *μὲν
1621 2757 1689 2800 οὖν
1712 2775 1782 2800 om.

120 2819 200 2854 Exc
265 2813 360 2857 *οὖν
383 2831 411 2857 S.
428 2821 468 2856 M
537 2819 632 2867 *τὴν
656 2821 896 2867 πολιορκίαν]
922 2822 991 2866 τῆσ
1016 2815 1171 2857 πόλεωσ
1194 2821 1274 2855 Exc
1371 2820 1634 2865 *πολυορκίαν
1657 2819 1739 2854 FL²

121 2871 388 2922 *ἀνεχώρησεν
409 2876 471 2912 fin.
497 2877 578 2912 Exc
677 2882 716 2912 17
743 2881 849 2919 ποτε]
875 2873 1033 2912 πώποτε
1056 2876 1311 2912 FLAMVWE
1403 2872 1667 2923 *ὑπερέβαλλε
1693 2880 1783 2914 ί-λεν

120 2931 264 2974 LA1W)
284 2931 504 2968 FLAMVW
611 2928 806 2980 *ἀργύρου
830 2933 860 2967 F
952 2929 1148 2969 *τάλαντα
1173 2928 1358 2979 άργυρίου
1380 2936 1424 2968 tr.
1449 2932 1573 2968 AMW
1679 2935 1720 2968 18
1745 2933 1783 2971 δὲ

122 2987 277 3023 AMWE
367 2984 481 3031 *ὕπο1
506 2986 584 3026 ἀπὸ
612 2990 754 3036 Cocceji
842 2985 1040 3031 Ἰουδαίων]
1066 2988 1258 3025 ἰουδαϊκὸν
1279 2988 1340 3023 PF
