2107 3377
140 653 224 693 274

141 993 222 1033 275

253 195 333 234 202
705 196 866 241 ANTIQ.
890 196 987 233 IUD.
1012 196 1102 232 XIII
1125 200 1189 232 273
1201 201 1304 233 -277
1330 200 1366 241 (x
1382 204 1406 230 1.
1423 200 1456 241 ςι)

251 308 446 369 ὑπήκοος
477 307 578 354 οὔτε
608 307 669 361 ῶς
700 311 832 367 φίλος
869 305 1021 360 αὐτοῖς
1058 306 1183 355 οὐδὲν
1222 311 1288 355 ἔτι
1327 320 1548 367 παρεῖχεν,
1589 305 1688 354 ἀλλ’
1713 302 1765 368 ἧν
1797 307 1919 369 αὐτῷ

252 378 308 422 τὰ
339 378 579 434 πράγματα
610 377 654 420 ἐν
686 376 890 421 ἐπιδόσει
919 378 1064 435 πολλῇ
1101 380 1174 422 καὶ
1212 374 1326 436 ιἰκμφτ
1355 377 1467 421 κατὰ
1497 377 1600 429 τοὺς
1630 374 1916 436 Ἀλεξάνδρου

251 449 331 489 τοῦ
360 449 606 500 Ζαβιναίου
635 444 826 502 καιρούς,
856 446 930 488 καὶ
960 441 1140 500 μάλιστ’
1175 444 1250 489 ἐπὶ
1280 446 1454 497 τούτοις
1482 454 1577 496 τοῖς
1609 442 1832 504 ἀδελφοῖς.
1891 444 1915 491 ὃ

252 513 334 570 γὰρ
375 512 490 568 πρὸς
529 509 743 570 ἀλλήλους
783 507 934 562 αὐτοῖς
970 512 1168 568 πόλεμος
1207 513 1364 572 σχολὴν
1400 511 1589 570 Ὑρκανῷ
1627 517 1919 571 καρποῦσθαι

254 576 563 638 τὴνἸουδαίαν
586 575 662 623 ἐπ)
690 576 842 631 ἆδείας
862 590 1083 635 παρεῖχεν,
1116 578 1177 632 ῶς
1198 579 1385 636 ἄπειρόν
1414 599 1459 626 τι
1476 580 1711 639 χρημάτων
1741 583 1922 640 πλῆθος
1947 590 1968 622 5

255 657 525 705 συναγαγεῖν.
585 650 664 691 τοῦ
701 651 853 702 μέντοι
889 665 938 705 γε
968 648 1208 706 Κυζικηνοῦ
1237 649 1316 708 τὴν
1345 653 1424 706 γῆν
1452 652 1688 700 κακοῦντος
1718 651 1922 707 φανερῶς

253 719 327 760 καὶ
360 711 494 767 αὐτὸς
521 715 601 773 τὴν
634 711 768 759 αὐτοῦ
798 721 1063 774 προαίρεσιν
1093 716 1393 770 ἐπεδείκνυτο,
1432 719 1505 760 καὶ
1537 720 1625 760 τῶν
1657 713 1740 761 ἀπ’
1775 716 1921 772 Αἰγύ-

254 802 369 828 πτου
409 783 647 839 συμμάχων
687 783 847 842 ἔρημον
887 782 1002 840 ὁρῶν
1038 784 1115 828 τὸν
1150 782 1375 839 Ἀντίοχον
1412 787 1484 829 καὶ
1528 781 1660 829 αὐτόν
1699 801 1747 828 τε
1776 783 1922 839 πράτ-

254 869 388 896 τοντα
417 854 561 903 κακῶς
589 854 664 896 καὶ
693 851 771 895 τὸν
802 848 998 910 ἀδελφὸν
1031 849 1165 896 αὐτοῦ
1186 853 1230 896 ἐν
1251 863 1345 904 τοῖς
1367 853 1481 909 πρὸς
1503 849 1718 912 ἀλλήλους
1740 848 1920 908 ἀγῶσιν,

255 917 519 978 ἀμφοτέρων
549 920 887 977 κατεφρόνησεν.
1952 926 1990 961 10

369 992 407 1031 2.
439 989 527 1032 Καὶ
561 987 789 1044 στρατεύει
820 988 898 1042 μὲν
931 987 1008 1031 ἐπὶ
1038 987 1292 1044 Σαμάρειαν
1324 987 1457 1031 πόλιν
1488 983 1779 1044 ὀχυρωτάτην,
1815 988 1920 1043 περὶ

253 1052 317 1113 ἧς,
349 1051 419 1100 ὅτι
449 1057 649 1099 καλεῖται
680 1058 754 1098 νῦν
786 1054 983 1112 Σεβαστὴ
1016 1058 1253 1098 κτισθεῖσα
1282 1052 1371 1098 ὑπὸ
1390 1052 1601 1110 εΗρώδου,
1632 1054 1744 1098 κατὰ
1772 1053 1921 1111 χώραν

256 1123 523 1182 δηλώσομεν.
582 1121 852 1180 προσβαλών
883 1118 924 1165 δ>
960 1117 1069 1179 αὐτῇ
1100 1122 1361 1179 φιλοπόνως
1392 1121 1644 1178 ἐπολιόρκει
1672 1137 1922 1179 μισοπονη-

255 1194 342 1248 ρῶν
381 1200 476 1241 τοῖς
506 1193 784 1248 Σαμαρεῦσιν
824 1187 938 1246 ’ὑπὲρ
978 1185 1039 1232 ῶν
1069 1189 1363 1247 Μαρισηνοὺς
1403 1185 1618 1241 ἀποίκους
1656 1186 1789 1240 ὄντας
1812 1185 1922 1233 Ἰου-

256 1260 496 1318 δαίωνηκαὶ
529 1257 782 1312 συμμάχους
811 1254 1024 1316 ἠδίκησαν
1053 1255 1352 1308 ὑπακούοντες
1380 1266 1475 1308 τοῖς
1493 1259 1582 1300 τῶν
1612 1257 1763 1314 Σύρων
1792 1260 1924 1311 βασι·
1953 1266 1992 1300 15

257 1328 416 1370 λεῦσιν.
478 1325 732 1381 περιβαλών
765 1325 839 1370 οῦν
869 1326 1041 1384 τάφρον
1072 1325 1360 1380 πανταχόθεν
1387 1327 1442 1383 τῇ
1472 1325 1605 1369 πόλει
1634 1327 1709 1369 καὶ
1735 1324 1922 1368 διπλοῦν

254 1404 397 1449 τεῖχος
425 1391 487 1445 (ὃς
518 1390 609 1437 ἀπὸ
643 1394 837 1437 σταδίων
858 1389 1126 1451 ὀγδοήκοντα
1155 1393 1258 1444 τοὺς
1278 1392 1401 1444 υἱοὺς
1421 1393 1654 1451 ἐφίστησιν
1674 1388 1924 1448 Ἀντίγονον

254 1466 327 1507 καὶ
361 1459 710 1518 Ἀριστόβουλον.
772 1458 832 1506 ὦν
864 1461 1152 1517 ἐπικειμένων
1191 1461 1255 1512 εἰς
1284 1463 1413 1504 τοῦτο
1454 1458 1641 1518 ἀνάγκης
1670 1458 1759 1504 ὑπὸ
1792 1460 1923 1514 λιμοῦ

255 1533 542 1588 προαχθῆναι
570 1529 674 1581 τοὺς
703 1534 926 1586 Σαμαρεῖς
962 1533 1213 1582 συνέπεσεν,
1253 1527 1313 1580 ῶς
1354 1525 1570 1586 ἅψασθαι
1607 1529 1687 1584 μὲν
1723 1529 1798 1571 καὶ
1835 1528 1923 1569 τῶν

257 1596 433 1658 ἀήθων,
475 1599 836 1642 ἐπικαλέσασθαι
875 1599 922 1642 δὲ
961 1597 1134 1656 βοηθὸν
1180 1594 1398 1652 Ἀντίοχον
1437 1597 1514 1641 τὸν
1552 1593 1807 1655 Κυζικηνόν.
1874 1595 1925 1647 ὃς
1953 1605 1991 1638 20

257 1668 444 1723 ἑτοίμως
476 1667 551 1710 ἐπὶ
582 1666 661 1723 τὴν
694 1670 945 1722 συμμαχίαν
977 1662 1246 1724 ἀφικόμενος
1275 1664 1364 1709 ὑπὸ
1395 1669 1484 1709 τῶν
1511 1667 1616 1721 περὶ
1636 1661 1922 1722 Ἀριστόβου-

257 1737 331 1779 λον
369 1733 581 1792 ἡττᾶται,
622 1735 833 1789 διωχθεὶς
871 1731 913 1777 δ’
951 1731 1050 1790 ἄχρι
1088 1733 1416 1784 Σκυθοπόλεως
1453 1731 1540 1777 ὑπὸ
1587 1735 1674 1777 τῶν
1717 1728 1922 1789 ἀδελφῶν

258 1805 475 1861 διέφυγεν.
545 1803 588 1846 οἱ
636 1798 677 1845 δ’
715 1802 790 1846 ἐπὶ
834 1797 936 1853 τοῦς
974 1806 1196 1857 Σαμαρεῖς
1239 1799 1604 1857 ὑποστρέψαντες
1649 1802 1923 1857 συγκλείουσι

369 1919 390 1961 ξ
415 1918 478 1950 275
504 1932 547 1944 =
574 1916 655 1951 ben.
681 1915 757 1950 Iud.
783 1916 798 1949 1
824 1918 878 1950 64.

370 2005 654 2040 PFLAMVWE
664 2005 904 2041 LatZonaras
927 2005 944 2039 I
967 2017 1002 2051 p.
1030 2008 1108 2041 389.

375 2067 390 2099 1
416 2059 536 2100 *οὗθ’
554 2061 707 2097 LAMW
778 2058 937 2104 *αὐτοῖς
953 2072 1022 2098 om.
1040 2061 1087 2097 W
1157 2065 1377 2109 *παρεῖχεν]
1403 2068 1608 2108 προσεῖχεν
1625 2062 1706 2097 coni
1775 2064 1795 2097 2
1821 2060 1924 2100 *ἐπι-

257 2118 368 2157 δώσει
385 2120 445 2155 PL
507 2116 647 2161 *κατὰ]
664 2116 762 2156 κατά
780 2132 820 2155 τε
839 2119 921 2154 coni
991 2122 1010 2154 3
1028 2119 1252 2166 ζαβινναίου
1268 2118 1294 2152 Ρ
1312 2120 1470 2164 ζαβιννᾶ
1488 2117 1517 2152 F
1535 2120 1666 2164 ζεβινᾶ
1682 2118 1712 2152 L
1730 2120 1925 2166 ζεβιναίου

258 2177 303 2212 W
331 2178 545 2224 ζεβινναιόυ
569 2176 601 2211 Ε
628 2176 823 2211 zebennaei
844 2175 915 2210 Lat
1006 2173 1169 2220 μάλιστα
1194 2174 1350 2209 AMWE
1437 2179 1454 2208 5
1480 2170 1619 2211 *α’δίασ
1634 2174 1663 2209 Ρ
1734 2176 1925 2223 παρέσχεν

258 2233 388 2268 FLVE
481 2236 661 2279 *πλῆθοσ
683 2229 888 2279 χρημάτων
912 2236 955 2268 tr.
973 2231 1130 2267 AMVW
1200 2234 1218 2265 6
1243 2233 1339 2267 *τοῦ
1364 2252 1405 2256 —-
1435 2235 1470 2266 11
1504 2233 1586 2274 Καὶ]
1613 2232 1806 2278 ambosque
1831 2234 1925 2269 inter

256 2301 294 2325 se
318 2290 530 2324 dt'me'canles
554 2293 786 2324 contemnens
809 2288 880 2324 Lat
995 2292 1013 2322 ἵ
1040 2286 1202 2325 ’ἑαυτοῦ
1227 2287 1323 2322 FLV
1441 2291 1670 2335 προαίρεσιν
1693 2299 1762 2324 om.
1788 2289 1836 2323 W

257 2349 345 2388 τῶν]
372 2349 449 2382 τῶν
474 2359 513 2382 τε.
537 2344 726 2380 LAMWE
834 2349 853 2380 9
879 2342 974 2391 *τὴν
998 2340 1162 2391 α’δελφὴν
1186 2345 1218 2380 V
1326 2340 1532 2391 *α’λληλοισ
1556 2345 1584 2379 Ρ
1611 2341 1780 2391 ἀλλήλων
1804 2345 1834 2380 F

257 2399 404 2449 *ιῖγῶσι
429 2402 458 2436 F
485 2398 621 2449 α’γόσιν
646 2402 692 2436 W
798 2405 838 2441 10
863 2400 1160 2449 κατεφρόνησεν]
1185 2398 1472 2448 κατεφρόνησεν
1495 2398 1666 2448 ἱνρκανόσ
1690 2402 1881 2437 LAMWE

264 2463 298 2494 11
325 2460 348 2494 i.
366 2469 476 2504 marg.
502 2457 552 2505 ιη’
572 2460 604 2494 Ε
713 2456 954 2505 *στρατεύειν
977 2459 1011 2493 V
1119 2454 1356 2505 ὀχυροτάτην
1379 2457 1460 2492 FA·
1557 2461 1596 2493 12
1622 2453 1688 2504 ὑφ’
1712 2458 1834 2494 AMW

256 2514 399 2562 χώραν]
426 2513 567 2562 σχολὴν
590 2515 689 2552 FLV
786 2519 824 2550 13
850 2513 1087 2563 δηλώσαιμεν,
1113 2512 1143 2551 a}
1169 2525 1212 2550 ex
1240 2512 1259 2550 ό
1279 2525 1369 2550 corr.
1388 2525 1434 2548 m.
1454 2517 1473 2548 2
1491 2514 1521 2548 L
1615 2515 1653 2551 δὲ
1676 2515 1833 2550 AMWE

258 2570 536 2619 *([ιλοφρόνωσ
560 2572 656 2607 PFV
752 2576 793 2608 14
817 2574 1069 2620 μαρισηνίουσ
1092 2572 1152 2607 PF
1176 2572 1450 2618 μαρισσηνίοισ
1475 2570 1507 2603 V
1600 2567 1788 2614 ἀποίκους
1813 2570 1928 2615 ὄντας

257 2626 456 2671 Ἰουδαίων]
483 2625 746 2666 α’ποικοῦντασ
770 2629 963 2666 ἰουδαίουσ
989 2628 1048 2663 PF
1188 2631 1224 2663 15
1251 2630 1327 2664 τῶν
1351 2638 1419 2662 om.
1445 2626 1567 2661 AMW
1697 2631 1739 2663 16
1764 2625 1926 2676 τάφρον]

259 2687 360 2732 τείχη
385 2685 480 2721 PFE
505 2687 647 2721 moenia
671 2686 742 2720 Lat
868 2690 906 2720 17
933 2692 1079 2732 τεῖχοσ,
1109 2691 1144 2722 εἴ
1167 2695 1210 2720 ex
1236 2690 1273 2720 οῖ
1298 2694 1389 2719 corr.
1416 2683 1485 2719 uid.
1513 2694 1557 2719 m.
1585 2686 1604 2718 2
1630 2683 1659 2718 L
1781 2681 1833 2727 ῶς
1857 2695 1926 2721 om.

257 2742 478 2778 FLAMVW
548 2738 626 2779 ἀπὸ
652 2747 860 2788 suspectum
963 2738 1207 2789 ὀγὸωὴκοντα
1231 2741 1262 2774 L
1348 2743 1387 2776 15
1412 2741 1435 2776 i.
1461 2750 1570 2784 marg.
1597 2738 1653 2776 ιβ’
1672 2740 1702 2775 L
1772 2739 1927 2779 ἐπεικει·

257 2799 383 2843 μένων
406 2799 435 2833 F
461 2798 687 2846 ἐγκειμένων
712 2802 799 2846 (ητη-
824 2800 867 2839 L)
892 2799 1083 2834 LAMWE
1175 2800 1332 2840 *τοῦτο]
1359 2802 1494 2832 tantam
1520 2797 1591 2832 Lat
1678 2793 1824 2844 ἀνάγκη
1849 2798 1882 2834 Ε

264 2859 302 2889 19
326 2855 395 2899 μὲν
420 2865 487 2890 om.
508 2855 668 2891 PFLVE
765 2858 806 2890 20
832 2852 992 2902 *αήθῶν
1015 2855 1126 2891 PFA¹
1152 2850 1296 2892 ιῖείθων
1321 2853 1352 2888 L
1469 2852 1799 2891 *ἐπεκαλέσασθαι
1817 2854 1848 2889 L

260 2914 299 2947 21
327 2913 444 2953 *τῶι·]
463 2909 532 2947 τὸν
548 2913 577 2946 L
650 2915 691 2948 22
718 2915 915 2959 *διοχθεὶσ
940 2912 969 2948 L
1040 2912 1078 2949 δὲ
1102 2911 1257 2947 AMWE
1327 2906 1539 2957 *α’δελφῶν,
1561 2910 1583 2945 i.
1603 2921 1713 2955 marg.
1740 2925 1787 2958 γρ
1804 2913 1928 2958 φίλων

260 2969 331 3004 ΑΜ
426 2972 467 3002 23
493 2969 531 3005 δὲ
554 2969 710 3005 AMWE
802 2968 902 3009 *ἐγὼ
927 2968 946 3006 ἐ
969 2979 1012 3004 ex
1037 2971 1048 3005 ὶ
1072 2969 1095 3005 i.
1113 2979 1183 3004 ras.
1208 2968 1238 3003 F
1263 2965 1337 3005 ὑπὸ
1364 2968 1393 3002 L
1488 2969 1774 3014 *συγκλείουσιν
1797 2968 1837 3003 Μ
