2029 3392
860 222 1050 258 Praefatio.
1649 225 1783 260 XXXV

122 353 209 382 rum
257 340 342 380 τῶν
387 333 716 389 αὐτοκρατόρων
760 340 838 377 τοῦ
882 335 1078 387 πολέμου
1124 339 1384 390 γενομένων,
1434 336 1663 391 itidemque
1709 344 1783 380 1311

120 416 176 462 (p.
200 407 390 461 3-13,1*1),
429 407 502 446 197
534 408 588 460 (p.
612 407 706 458 351,
729 406 811 458 22),
843 406 923 445 208
958 407 1012 458 (p.
1034 407 1129 457 356,
1153 406 1229 458 10),
1270 407 1350 446 353
1381 407 1550 459 (μειῖε),
1573 408 1636 455 10)
1670 407 1781 449 aliis-

121 488 202 528 que
228 473 341 517 locis.
354 474 380 524 ¹)
429 486 522 515 cum
554 472 681 526 igitur
703 471 807 514 hacc
828 471 985 514 habeat
1015 472 1187 526 optima,
1219 477 1360 514 tamen
1382 485 1462 514 non
1485 485 1652 528 semper
1673 473 1780 516 dona

121 542 209 585 cius
229 541 319 584 sine
340 541 534 584 examine
556 539 820 582 admittenda
840 544 948 593 sunt,
976 539 1017 580 id
1039 540 1151 592 quod
1174 543 1352 594 apparet
1373 539 1396 593 ἓ
1422 543 1492 580 1-17
1515 542 1567 595 (p.
1588 545 1682 595 310,
1702 546 1759 582 131
1777 578 1782 582 .

120 622 215 652 nam
247 621 356 662 quae
379 609 413 650 R
444 608 584 661 habet,
616 620 668 649 ea
698 619 751 649 ex
784 606 894 649 bello
922 605 1094 649 Iudaico
1116 608 1154 649 11
1178 610 1257 649 1512
1290 610 1339 658 (c.
1363 610 1430 662 21,
1449 612 1502 661 5),
1535 608 1605 650 ubi
1636 608 1785 652 eadem

121 677 262 732 paullo
293 676 416 718 aliter
445 678 678 728 narrantur,
720 675 887 717 inuecta
916 677 1078 728 sunt2);
1123 679 1166 716 ct
1197 676 1222 727 ξ
1250 677 1325 716 158
1357 676 1413 730 (p.
1437 677 1618 729 318,12)
1653 674 1785 731 εὐφή-

117 758 224 796 μους
265 748 361 798 post
402 742 552 798 φωνὰς
592 742 888 797 interpolatum
931 745 996 784 est
1034 742 1189 785 omisso
1229 743 1373 798 paullo
1412 743 1784 797 anteagrral110n3

119 809 272 855 deinde
301 813 327 864 ξ)
357 814 438 853 350
470 813 525 866 (p.
549 811 643 862 378,
669 812 702 860 1)
732 809 984 852 sententiam
1015 810 1311 865 supplemento
1347 823 1471 865 egere
1503 815 1618 854 ratus
1659 812 1784 854 libra-

117 878 203 922 rius
233 879 388 922 adiecit
417 877 588 932 γέγονεν
620 877 775 926 αἴτιος.
831 881 875 919 at
906 890 950 920 re
981 891 1081 921 uera
1111 877 1273 932 aliquid
1304 877 1424 921 deest
1454 880 1581 930 §336
1597 892 1674 934 sq„
1710 879 1786 922 scd

118 946 231 1001 quod
271 947 440 1002 supplet
478 947 515 988 R
552 949 610 1000 (p.
633 948 733 1000 376,
756 947 798 995 (3)
838 944 912 986 τὸν
947 943 1074 999 λόγον
1105 949 1281 999 τρέψαι,
1322 946 1365 988 id
1403 960 1488 989 non
1527 952 1665 1001 potest
1704 961 1787 989 non

118 1021 358 1070 suspectum
380 1018 523 1064 esse.²‘)
569 1013 753 1066 denique
777 1012 1093 1056 memorandum
1118 1019 1181 1056 est
1210 1015 1235 1065 ξ
1259 1015 1337 1056 188
1361 1017 1414 1069 (p.
1434 1016 1528 1068 353,
1548 1016 1586 1065 5)
1617 1014 1787 1057 nomina

119 1081 304 1126 locorum
326 1082 470 1137 paullo
492 1081 730 1124 difficiliora
750 1081 805 1124 ab
829 1081 865 1123 R
887 1081 1044 1124 omissa
1065 1093 1171 1124 esse.
1214 1094 1322 1134 quae
1344 1095 1436 1124 cum
1458 1081 1518 1124 ita
1539 1084 1634 1136 sint,
1661 1082 1786 1125 ualde

119 1150 362 1205 ambiguum
384 1154 459 1204 est,
480 1155 617 1193 utrum
639 1151 664 1202 ξ
686 1153 737 1191 45
763 1153 817 1204 (ρ.
837 1150 930 1203 328,
950 1151 1018 1199 24)
1041 1161 1149 1202 quae
1170 1148 1291 1191 addit
1311 1148 1420 1190 κατὰ
1441 1148 1597 1203 κράτος
1621 1148 1786 1202 ἐνίκησε

120 1218 159 1260 in
192 1218 364 1261 meliore
398 1218 629 1273 exemplari
670 1230 724 1259 an
755 1217 994 1261 coniectura
1031 1216 1205 1260 inuenta
1234 1216 1338 1271 sint;
1379 1230 1634 1271 quamquam
1675 1217 1785 1261 enim

120 1285 354 1329 sententiae
384 1286 578 1329 lacunam
610 1286 766 1340 optime
798 1285 1042 1339 resarciunt,
1073 1289 1214 1328 tamen
1236 1297 1261 1326 a
1283 1285 1358 1327 tali
1390 1290 1494 1328 teste
1515 1285 1787 1341 suppeditata

119 1357 315 1408 suspecta
338 1358 433 1396 sunt
464 1352 681 1407 habenda3
713 1352 918 1395 habemus
940 1353 1051 1394 enim
1074 1352 1261 1396 codicem
1283 1355 1324 1395 et
1346 1353 1502 1407 optimo
1526 1353 1618 1395 loco
1641 1361 1787 1395 natum

121 1425 162 1463 et
191 1420 352 1463 librarii
383 1420 619 1464 temeritate
650 1420 923 1475 inquinatum.

741 1546 767 1596 ξ
796 1547 840 1586 7:
879 1543 932 1586 de
961 1543 1170 1598 Epitoma.

233 1623 354 1664 Nunc
383 1624 507 1666 uenio
539 1623 595 1665 ad
625 1623 889 1678 Epitomam,
930 1636 1038 1676 quae
1069 1627 1115 1665 ut
1143 1623 1186 1665 in
1216 1622 1337 1664 libris
1371 1622 1603 1677 prioribus,
1642 1623 1703 1665 ita
1742 1623 1784 1664 in

118 1688 184 1731 his
215 1702 382 1743 quoque
412 1690 696 1733 uoluminibus
726 1704 810 1733 non
842 1690 913 1733 uni
946 1691 1091 1743 generi
1130 1689 1323 1733 codicum
1361 1690 1546 1745 ascripta
1585 1694 1669 1745 est,
1707 1690 1785 1732 sed

116 1757 300 1800 medium
330 1758 438 1800 inter
461 1757 601 1801 uarios
633 1758 764 1801 libros
796 1757 936 1800 locum
966 1757 1139 1801 obtinet.
1187 1771 1315 1812 saepe
1347 1757 1458 1801 enim
1487 1762 1561 1800 aut
1590 1757 1683 1800 sola
1712 1763 1784 1799 aut

116 1837 209 1868 cum
249 1824 399 1868 Latino
439 1825 645 1868 consentit
685 1839 778 1868 cum
816 1826 848 1868 P
888 1829 961 1868 aut
998 1825 1070 1867 PF
1109 1829 1182 1868 aut
1219 1825 1329 1868 PFV
1366 1829 1441 1868 aut
1478 1825 1670 1881 proxime
1711 1838 1783 1867 eos

115 1892 316 1946 sequitur.
367 1893 484 1936 uelut
512 1893 619 1936 XIII
644 1896 720 1935 120
744 1896 798 1948 (p.
823 1895 1000 1946 172,16)
1033 1895 1191 1946 πεῖραν
1223 1892 1398 1936 exhibet
1426 1906 1521 1936 cum
1546 1893 1666 1946 PFV,
1702 1906 1784 1934 non

115 1973 208 2003 cum
252 1961 426 2014 reliquis
471 1964 706 2016 πονηρίαν,
754 1965 796 2004 et
832 1962 937 2004 XIII
967 1963 1048 2002 419
1088 1962 1144 2016 (p.
1171 1963 1271 2014 230,
1294 1962 1336 2010 3)
1378 1960 1423 2003 in
1462 1960 1653 2015 plurimis
1691 1972 1784 2002 cum

113 2028 148 2071 P
178 2032 220 2072 et
250 2029 330 2072 Lat
360 2030 554 2085 concinit,
583 2030 626 2072 in
656 2030 753 2073 aliis
783 2042 878 2072 cum
907 2028 1093 2083 reliquis.
1143 2028 1244 2071 XIV
1264 2031 1289 2070 4
1322 2030 1378 2083 (p.
1401 2030 1495 2082 239,
1517 2030 1587 2077 21)
1618 2028 1660 2070 in
1692 2027 1785 2070 loco

113 2096 366 2151 grauissimo
403 2103 517 2141 recte
555 2095 892 2151 παραλαβόντος
922 2095 1002 2151 γὰρ
1033 2095 1110 2152 τὴν
1140 2095 1368 2150 βασιλείαν
1400 2095 1530 2139 habet
1569 2109 1662 2138 cum
1694 2095 1783 2147 PF3

112 2164 213 2207 XIV
233 2166 286 2206 94
307 2168 363 2221 (p.
386 2167 480 2220 256,
502 2168 566 2215 12)
598 2179 692 2209 cum
713 2167 747 2208 P
767 2165 1020 2209 sententiam
1049 2165 1175 2220 longe
1198 2163 1323 2207 aliter
1343 2164 1645 2207 conformatam
1667 2162 1786 2205 dedit

112 2245 164 2276 ac
192 2232 333 2276 ceteri.
383 2233 618 2286 similisque
648 2234 754 2277 ratio
787 2237 850 2278 est
878 2233 978 2276 XIV
1001 2235 1052 2275 33
1075 2235 1129 2289 (p.
1146 2235 1242 2287 245,
1261 2234 1314 2287 7),
1347 2233 1399 2274 89
1432 2233 1685 2286 (p.255,14,
1707 2232 1786 2282 17),

113 2302 166 2344 90
199 2303 468 2357 (p.255,19),
504 2303 581 2343 123
605 2303 658 2356 (p.
677 2304 773 2356 262,
792 2304 869 2356 10),
905 2304 982 2342 124
1009 2303 1064 2356 (p.
1082 2302 1273 2356 262,12),
1309 2303 1385 2342 143
1403 2312 1465 2353 sq.
1488 2300 1542 2354 (p.
1561 2300 1656 2351 266,
1675 2301 1712 2351 4,
1733 2299 1784 2350 s),

113 2371 195 2412 379
226 2371 281 2425 (p.
305 2370 507 2423 309,14).1
554 2370 685 2412 multo
717 2373 859 2412 tamen
889 2368 1061 2424 saepius
1091 2368 1214 2411 alteri
1243 2367 1388 2423 generi
1420 2365 1596 2420 accedit,
1628 2365 1670 2407 in
1703 2378 1784 2418 quo

113 2442 208 2481 sunt
246 2438 384 2481 AMW
414 2442 456 2481 et
494 2436 680 2490 LAMW,
726 2440 771 2479 ut
808 2436 851 2478 in
892 2435 1040 2490 quauis
1079 2436 1235 2492 pagina
1276 2435 1597 2479 demonstratur.
1666 2433 1785 2476 uelut

111 2506 196 2549 XII
218 2508 298 2548 327
330 2506 387 2559 (p.
413 2506 505 2560 128,
527 2507 596 2556 23)
626 2517 710 2547 non
741 2502 921 2558 ἐγκρατῆ
949 2502 1199 2558 γιγνόμενα,
1237 2502 1314 2546 sed
1344 2502 1573 2556 κρατήσειν
1605 2498 1783 2552 uiduam

112 2573 156 2618 in
173 2573 386 2617 LAMWE
408 2575 526 2617 extat
538 2575 591 2626 ⁴);
621 2571 751 2615 AWE
773 2577 846 2614 aut
866 2572 1038 2615 AMWE
1061 2571 1366 2626 coniunguntur
1385 2570 1448 2613 XI
1470 2572 1546 2611 144
1570 2571 1625 2625 (p.
1644 2571 1710 2622 32,
1729 2570 1782 2620 9),

117 2643 192 2684 147
226 2646 281 2698 (p.
304 2643 371 2696 32,
393 2643 477 2696 21),
510 2643 589 2684 303
622 2644 676 2695 (p.
698 2642 836 2694 021),
870 2643 951 2682 314
980 2643 1036 2695 (p.
1060 2641 1125 2693 61,
1144 2641 1198 2694 9),
1228 2639 1312 2681 XII
1335 2641 1385 2679 45
1420 2640 1474 2692 (p.
1499 2639 1565 2690 80,
1585 2638 1669 2690 22),
1701 2637 1781 2676 2το

234 2767 262 2806 1)
287 2763 410 2799 dubito
427 2766 546 2798 tamen
563 2773 610 2797 an
628 2764 649 2807 ξ
666 2764 734 2797 304
749 2764 798 2807 (p.
813 2764 956 2804 371,15)
980 2762 1096 2797 minus
1113 2765 1211 2797 recte
1229 2771 1273 2796 ex
1291 2770 1331 2795 eo
1348 2759 1543 2804 receperim
1560 2760 1615 2807 τῷ
1630 2752 1782 2802 Ἰωάννῃ

114 2817 315 2867 προσιόντι
338 2830 405 2864 pro
431 2816 502 2856 τὸν
525 2815 697 2865 Ἰωάννην
721 2816 841 2855 ἰόντα.

229 2879 263 2919 2)
289 2877 468 2912 consentit
491 2886 571 2911 cum
595 2875 628 2910 R
653 2877 835 2911 corrector
857 2874 1098 2909 Ambrosiani.

230 2935 263 2975 3)
286 2933 407 2978 paullo
433 2942 544 2977 supra
567 2934 615 2977 (p.
630 2934 707 2974 376,
722 2934 754 2974 4)
779 2931 902 2966 eadem
919 2930 963 2965 de
980 2940 1091 2965 causa
1113 2929 1150 2964 in
1166 2930 1199 2963 A
1220 2929 1381 2964 additum
1405 2930 1461 2964 est
1476 2925 1591 2974 μικρὰ
1610 2929 1781 2963 διελθεῖν.

231 2991 264 3031 4)
289 2988 551 3036 ἐγκρατείσειν
578 2985 735 3033 οἰόμενα
762 2987 818 3030 W,
843 2987 879 3022 in
905 2997 973 3031 quo
999 2986 1146 3021 alterius
1169 2986 1330 3022 lectionis
1355 2985 1508 3029 uestigia
1533 2986 1720 3029 apparent.

1462 3042 1510 3075 C*
