2029 3392
588 206 748 252 ANTIQ.
773 205 870 242 IUD.
895 206 981 241 xm
1007 209 1071 242 250
1089 210 1185 242 -294
1210 210 1299 249 (ms.
1317 215 1346 249 u)
1721 209 1800 247 205

138 316 296 371 αὐτούς
336 316 409 377 ἐφ’
436 320 635 363 ἑστίασιν
675 321 746 362 καὶ
787 319 1073 376 φιλοφρόνως
1115 317 1461 374 ι’-κιοὸεξάμενος,
1496 319 1594 362 ἐπεὶ
1627 321 1802 377 σφόδρα

136 385 376 444 ἡδομένους
406 386 543 442 ἑώρα,
581 387 719 442 λέγειν
750 383 909 442 ἤρξατο
943 387 1055 442 πρὸς
1087 386 1255 439 αι’-τούς,
1289 385 1348 438 οἷς
1380 388 1529 430 ἰ’σασιν
1559 388 1639 441 μὲν
1671 389 1802 432 αι’-τον

136 455 404 509 βουλόμενον
441 452 552 497 εἶναι
593 455 763 497 δίκαιον
802 455 874 496 καὶ
915 455 1064 497 πάντα
1096 458 1313 498 ποιοῦντα
1345 454 1392 506 ἐξ
1427 451 1488 497 ιῦν
1520 453 1718 509 ἀρέσειεν
1749 451 1802 499 ἂν

137 525 200 578 vag}
234 524 326 578 θεῷ
358 523 426 565 καὶ
452 518 624 572 αὐτοῖς·
656 522 697 564 οἱ
719 521 801 577 γὰρ
826 527 1068 576 Φαρισαῖοι
1092 525 1440 580 φιλοσοφοῦσιν·
1473 520 1595 579 ἦξίου
1625 541 1673 579 γε·
1703 526 1799 583 μην,
1833 530 1914 568 290

88 598 106 629 5
137 589 176 632 εἰ
204 591 446 644 βλέπουσιν
478 585 610 631 αὐτὸν
641 586 950 643 ἁμαρτάνοντα
988 591 1058 632 καὶ
1100 593 1177 648 τῆς
1207 588 1312 633 ὁδοῦ
1343 593 1420 648 τῆς
1452 592 1627 642 δικαίας
1657 592 1802 647 ἐκτρε-

138 657 333 712 πόμενον
365 656 427 706 εἰς
459 652 593 712 αὐτὴν
624 655 919 713 ἐπαναγαγεῖν
939 659 1010 700 καὶ
1036 657 1332 713 ἐπανορθοῦν.
1392 661 1480 702 τιῦν
1511 660 1558 701 δὲ
1579 676 1801 717 μαρτυρη-

138 725 310 768 σάντων
342 720 459 780 αὖτῷ
492 726 642 766 πᾶσαν
674 720 830 782 ἆρετῂν
860 722 882 768 ὁ
915 725 994 780 μὲν
1025 720 1143 783 ἥσθη
1177 735 1271 777 τοῖς
1302 727 1526 779 ἐπαίνοις,
1566 726 1627 777 εἷς
1660 728 1706 769 δέ
1736 745 1803 778 τις
1835 732 1911 773 291

135 795 224 835 τῶν
253 794 574 846 κατακειμένων
601 788 854 848 Ἐλεάζαρος
885 790 1038 847 ὄνομα,
1070 793 1296 850 κακοήθης
1318 788 1376 836 ὢν
1399 795 1531 852 φύσει
1553 798 1625 838 καὶ
1649 795 1804 839 στάσει

134 864 298 916 χαίρων
329 858 471 912 ,,ἒ7τεί,
504 865 653 918 φησίν,
677 857 871 916 ἠξίωσας
891 863 1053 917 γνῶναι
1074 860 1152 919 την
1176 859 1407 918 ἀληθειαν,
1440 864 1590 912 θέλεις
1621 863 1668 906 δὲ
1691 862 1804 907 εἶναι

70 936 106 970 10
135 928 317 979 δίκαιος,
349 927 428 986 τὴν
459 924 782 987 ἀρχιερωσύνην
815 925 1018 981 ἀπόθου,
1050 932 1122 973 καὶ
1153 930 1287 984 μόνον
1320 926 1506 985 ἀρκείτω
1539 946 1611 974 σοι
1641 930 1690 974 τὸ
1725 928 1803 989 ἄρ-

131 1011 224 1050 χειν
254 998 331 1038 τοῦ
363 997 513 1040 λαοῦ.“
571 995 649 1053 τὴν
681 993 722 1039 δ’
750 996 898 1040 αἰτίαν
931 994 1065 1040 αὐτοῦ
1096 1000 1370 1051 πυθομένου,
1403 993 1464 1040 δι’
1493 997 1542 1053 ἣν
1577 996 1804 1042 ἀποθοῖτο
1837 1004 1916 1045 292

134 1062 212 1120 τὴν
245 1059 567 1122 ἀρχιερωσύνην
608 1060 725 1117 ,,ὃ’τι,
759 1068 908 1122 φησίν,
949 1061 1162 1120 ἀκούομεν
1202 1065 1326 1121 παρὰ
1365 1067 1453 1109 τῶν
1494 1069 1804 1122 πρεσβυτέρων

136 1128 415 1187 αἰχμάλωτόν
447 1148 525 1175 σου
556 1136 780 1188 γεγονέναι
819 1131 900 1195 τὴν
927 1136 1093 1189 μητέρα
1122 1133 1438 1188 βασιλεύοντος
1468 1131 1694 1188 Ἀντιόχου
1725 1137 1803 1178 τοῦ

129 1193 441 1257 Ἐπιφανοῦς.“
502 1200 670 1257 ψευδὴς
710 1199 838 1256 λόγος
874 1197 946 1256 ἠν·
987 1202 1058 1244 καὶ
1093 1200 1207 1257 πρὸς
1247 1197 1380 1244 αὐτὸν
1412 1200 1617 1258 Ὑρκανὸς
1648 1220 1803 1258 παρω-

68 1274 104 1308 15
134 1266 273 1325 ξύνθη
305 1269 375 1310 καὶ
411 1268 575 1318 πάντες
607 1265 647 1310 δ’
676 1269 717 1311 οἱ
753 1274 997 1323 Φαρισαῖοι
1029 1269 1236 1326 σφοδρῶς
1266 1265 1585 1326 ἠγανάκτησαν.

250 1338 289 1378 6.
326 1338 424 1378 Τιῦν
457 1332 497 1378 δ’
525 1336 569 1379 ἐκ
599 1339 683 1378 τῶν
711 1336 1024 1379 Σαδδουκαίων
1053 1339 1131 1393 τῆς
1163 1336 1386 1391 αἱρέσεως,
1419 1339 1463 1380 οἳ
1492 1337 1570 1395 τὴν
1602 1338 1803 1382 ἐναντίαν
1835 1344 1917 1385 293

135 1411 230 1453 τοῖς
264 1407 534 1457 Φαρισαίοις
564 1408 827 1460 προαίρεσιν
859 1403 1042 1457 ἔχουσιν,
1072 1403 1285 1461 Ἰωνάθης
1315 1422 1382 1456 τις
1414 1404 1457 1448 ἐν
1487 1415 1582 1456 τοῖς
1611 1406 1806 1460 μάλιστα

137 1471 270 1526 φίλος
301 1465 360 1513 ὢν
386 1469 575 1528 Ὑρκανῷ
605 1474 659 1529 τῇ
690 1473 813 1528 κοινῇ
844 1471 1024 1514 πάντων
1048 1477 1310 1529 Φαρισαίων
1339 1472 1487 1530 γνωμῃ
1519 1473 1808 1531 ποιήσασθαι

136 1537 217 1589 τὰς
246 1540 535 1596 βλασφημίας
565 1539 642 1582 τὸν
671 1535 926 1595 Ἐλεάζαρον
959 1539 1123 1596 ἔλεγεν·
1155 1541 1228 1583 καὶ
1250 1536 1371 1582 τοῦτ’
1399 1540 1589 1584 ἔσεσθαι
1612 1541 1805 1599 φανερὸν

68 1616 106 1649 20
137 1601 256 1661 αὐτῷ
287 1610 532 1662 πυθομένῳ
555 1603 664 1661 παρ’
693 1606 882 1659 ἐκείνων,
913 1611 1033 1657 τίνος
1059 1604 1183 1658 ἄξιός
1205 1606 1324 1651 ἐστιν
1346 1608 1423 1651 ἐπὶ
1445 1618 1539 1659 τοῖς
1561 1608 1807 1666 εἰρημένοις

135 1673 374 1723 καλάσεως.
434 1677 511 1717 τοῦ
544 1675 590 1718 δὲ
608 1672 812 1730 Ὑρκανοῦ
842 1674 945 1724 τους
969 1680 1246 1731 Φαρισαίους
1269 1674 1489 1732 ἐρομένου,
1520 1681 1640 1728 τίνος
1672 1673 1805 1721 αὐτὸν
1837 1683 1921 1725 294

135 1737 260 1792 ἄξιον
289 1738 498 1799 ἡγοῦνται
526 1746 765 1798 τιμωρίας·
797 1742 1167 1801 πειραθήσεσθαι
1196 1741 1278 1798 γὰρ
1311 1739 1360 1786 οὗ
1390 1743 1502 1798 μετὰ
1532 1747 1609 1802 τῆς
1631 1744 1806 1789 ἐκείνων

132 1808 307 1866 γνώμης
343 1812 568 1865 γεγονέναι
608 1809 688 1860 τὰς
724 1811 1014 1867 βλασφημίας
1050 1813 1361 1868 τιμησαμένων
1402 1807 1536 1855 αὐτὸν
1565 1814 1630 1868 τῷ
1659 1815 1807 1869 μέτρῳ

249 1920 534 1956 PFLAMVWE
545 1922 614 1956 Lat
626 1922 788 1957 Zonaras
812 1921 829 1956 I
853 1933 887 1966 p.
912 1923 990 1957 391.

253 1982 267 2013 1
295 1973 399 2023 *ἐφἺ
425 1975 528 2024 πρὸσ
552 1979 585 2014 V
711 1976 902 2015 ἑστιάσεισ
924 1978 956 2012 Ε
1080 1974 1386 2023 *ὺπεδεξάμενοσ
1411 1981 1442 2013 Α
1581 1982 1600 2014 2
1626 1978 1754 2028 *ἑόρα
1780 1981 1808 2016 Ρ

250 2031 414 2077 *Ξ’σασιν]
438 2032 540 2072 ἴασιν
564 2035 593 2069 F
686 2038 708 2070 4
732 2031 878 2077 αὐτοῖς·
907 2034 944 2072 οἳ
966 2032 1054 2083 γὰρ]
1080 2030 1214 2072 αὖτοῖσ
1233 2034 1262 2081 l·
1287 2034 1323 2071 οἳ
1347 2032 1421 2082 γὰρ
1446 2038 1546 2078 (τοῖσ
1569 2038 1700 2082 suppL,
1725 2041 1810 2073 ante

137 2089 174 2127 οἱ
198 2099 290 2126 eras.
315 2095 357 2126 ut
379 2091 452 2126 uid.
478 2094 511 2133 τ)
536 2092 569 2126 Α
593 2087 701 2128 αὐτοὶ
725 2089 801 2139 γὰρ
817 2092 865 2127 W
890 2088 998 2128 αὐτοὶ
1020 2089 1095 2139 γὰρ
1121 2090 1158 2128 οἳ
1181 2091 1214 2126 Ε
1291 2092 1355 2128 *οἳ
1378 2090 1454 2140 γὰρ
1472 2113 1514 2118 —
1533 2097 1810 2141 φιλοσοφοῦσιν

136 2157 206 2184 om.
230 2146 301 2182 Lat
420 2151 670 2196 *φαρισσαῖοι
694 2147 724 2182 F
852 2143 1008 2194 *ἠξίουν
1032 2148 1080 2184 W
1208 2152 1227 2182 5
1253 2148 1298 2191 εί]
1324 2147 1392 2185 εἴτι
1416 2149 1640 2185 LAMVWE
1664 2152 1697 2186 si
1721 2152 1811 2198 quid

134 2203 208 2238 Lat
313 2205 496 2241 *δικαίωσ
519 2205 553 2240 V
645 2208 665 2240 6
691 2200 808 2241 αὐτὸν
833 2205 879 2239 W
971 2201 1178 2250 ἐπανάγειν
1201 2204 1231 2238 F
1234 2204 1458 2241 LAMVWE
1551 2210 1569 2240 7
1596 2205 1808 2251 *ἐπαίνοις1

134 2257 356 2297 ἐπαινοῦσιν
379 2260 438 2295 PF
441 2260 507 2297 LV
578 2264 597 2295 8
621 2257 906 2306 *ἀνακειμένων
929 2261 960 2296 L
1037 2264 1056 2296 9
1081 2259 1166 2297 ἐπεί
1180 2281 1222 2286 -
1239 2264 1278 2296 10
1297 2263 1453 2305 δίκαιος]
1479 2263 1652 2308 qnoniam
1676 2264 1810 2299 iustum

135 2316 256 2361 inquit
280 2316 410 2352 dia-Isti
434 2322 468 2353 te
491 2328 568 2352 esse
592 2318 685 2353 uelle
708 2322 744 2353 et
766 2319 956 2353 ueritatem
980 2328 1210 2364 coquoscere‚
1235 2318 1269 2352 sz·
1291 2317 1348 2352 uis
1372 2318 1505 2352 iustum
1532 2322 1566 2353 te
1582 2330 1658 2354 esse
1675 2319 1745 2355 Lat
1769 2324 1810 2355 ut

135 2372 226 2417 uid.;
250 2383 333 2409 nam
358 2373 460 2409 codd.
486 2374 692 2418 discrepant
761 2369 922 2420 ἅλήθιαν
946 2374 975 2408 P
1043 2374 1168 2416 θέλεις
1185 2373 1235 2416 δὲ]
1260 2370 1329 2411 ἐὰν
1344 2374 1461 2420 θέλησ
1478 2374 1593 2409 AWE
1617 2372 1685 2412 ἐὰν
1701 2373 1809 2423 θελή-

137 2441 210 2476 σησ
226 2429 265 2464 Μ
290 2429 326 2466 εἰ
346 2428 474 2466 θέλεισ
490 2430 522 2464 V
595 2433 635 2467 10
661 2427 847 2467 *οἷπώθου
864 2430 908 2464 W
979 2427 1066 2473 *τὸ]
1084 2433 1153 2468 τοῦ
1169 2430 1197 2465 Ρ
1272 2433 1308 2465 11
1329 2430 1368 2467 δὲ
1384 2430 1542 2465 AMWE
1612 2427 1807 2470 ἅπόθοιτο

136 2484 268 2521 PFVE
340 2488 380 2520 12
405 2482 605 2532 ἀκούωμεν
628 2486 738 2522 PLW
811 2490 850 2522 13
875 2489 944 2524 τοῦ
968 2498 1035 2522 om.
1053 2487 1086 2522 E
1160 2489 1200 2521 14
1225 2483 1352 2533 λόγος]
1378 2482 1412 2522 δ’
1440 2483 1460 2522 ὁ
1486 2483 1608 2533 λόγοσ
1631 2488 1694 2523 FL
1720 2490 1760 2527 δὲ
1784 2486 1806 2526 ὁ

137 2539 260 2588 λόγοσ
282 2542 441 2577 AMWE
466 2539 487 2579 ὃ
513 2540 635 2589 λόγοσ
650 2543 682 2576 V
756 2546 795 2578 15
821 2544 912 2579 *καὶ
936 2541 1130 2587 πάντες-ἒ
1145 2539 1412 2590 ἠγανάκτησαν
1429 2553 1498 2579 om.
1517 2543 1565 2577 W
1634 2544 1673 2581 δὲ
1689 2546 1764 2580 AM

138 2597 390 2646 Ι’φαρισσαῐοι
405 2599 435 2633 F
505 2595 819 2646 ἡγανακτήσαντο
835 2600 868 2634 Ε
941 2601 982 2634 16
999 2602 1038 2638 δὲ
1053 2600 1243 2635 LAMWE
1314 2602 1402 2642 τῶν]
1422 2603 1492 2645 τῆσ
1509 2599 1762 2638 FLAMVWE

139 2656 204 2699 τῆς
228 2665 296 2690 om.
320 2654 577 2690 FLAMVWE
707 2654 784 2702 τὴν]
810 2668 912 2692 τινεσ
937 2656 970 2691 Ε
1102 2660 1141 2691 17
1167 2657 1442 2702 *φαρισσαίοισ
1464 2656 1494 2690 F
1621 2652 1809 2705 Ἰωνάθης]

142 2708 307 2757 ἰωᾶννησ
329 2712 487 2747 AMWE
605 2715 644 2747 18
670 2714 939 2759 *φαρισσαίων
962 2711 992 2746 F
1111 2715 1150 2747 19
1176 2711 1489 2759 *βλασΙσφημιάσ
1512 2712 1542 2746 L
1643 2710 1716 2751 τὸν
1738 2726 1809 2751 om.

141 2765 299 2802 AMWE
383 2763 504 2812 τοῦτ’]
530 2764 572 2804 τ’
594 2768 623 2803 P
648 2772 762 2806 τοῦτο
787 2768 1042 2803 FLAMVWE
1135 2766 1302 2810 ἔσεσθαι]
1328 2765 1488 2805 ἕπεσθαι
1513 2768 1561 2803 W
1630 2773 1810 2815 φανερῶν

141 2822 240 2857 A¹W
317 2826 360 2859 20
384 2825 482 2870 *τῆσ
505 2824 703 2872 εἰρημένησ
725 2826 759 2860 V
844 2828 882 2859 21
909 2819 973 2860 *δ’
998 2824 1094 2859 FLV
1177 2825 1463 2871 *φαρισσαίουσ
1486 2824 1517 2859 F
1587 2824 1811 2872 *ἐρωμένου

141 2875 174 2912 L
197 2881 234 2913 et
256 2887 301 2913 ex
324 2889 415 2915 corr.
438 2880 469 2915 F
564 2884 606 2917 22
631 2876 909 2928 πεισθήσεσθαι
930 2880 1166 2916 AMVWLat
1257 2876 1315 2924 οὗ]
1340 2882 1375 2918 εἰ
1395 2882 1426 2917 L
1453 2880 1489 2918 οἳ
1507 2881 1552 2915 W
1635 2885 1677 2918 23
1702 2897 1810 2931 γεγο-

143 2934 277 2971 νέ-ναι
301 2935 334 2969 A
442 2937 717 2984 τιμησαμένων]
742 2939 764 2973 i.
789 2948 898 2982 marg.
924 2937 1302 2983 καταδικασαμένων;
1330 2937 1605 2985 ψηφισαμένων
1629 2941 1687 2981 (m.
1711 2941 1805 2975 anti-

144 2990 318 3036 quissima
340 2991 386 3034 A)
411 2992 484 3028 AM
577 2991 703 3030 αὐτῶν
726 2994 857 3029 FA¹W
