2029 3392
133 951 171 985 10

132 1289 169 1322 15

680 218 842 263 ANTlQ.
870 218 962 253 1UD.
990 217 1076 253 xlll
1103 222 1236 253 45--19
1260 222 1399 261 (mma)
1789 221 1867 258 159

205 334 275 376 καὶ
311 337 465 376 πίστιν
497 327 740 390 ἀκηκόαμεν
781 331 923 374 πάλαι
961 333 1031 374 καὶ
1075 331 1148 374 διὰ
1178 334 1308 374 τοῦτο
1341 331 1644 389 πεπόμφαμεν
1676 332 1788 386 πρὸς
1820 335 1869 376 σὲ

206 402 310 456 περὶ
342 402 497 458 φιλίας
527 403 599 444 καὶ
631 403 893 454 συμμαχίας.
949 401 1283 454 χειροτονοῦμεν
1315 400 1362 441 δέ
1384 414 1433 442 σε
1456 398 1644 456 σήμερον
1667 396 1868 455 ἀρχιερέα

204 470 292 511 τῶν
320 464 541 512 Ἰουδαίων
572 469 643 510 καὶ
675 468 805 523 φίλον
838 465 943 520 ἐμὸν
974 468 1224 510 καλεῖσθαι.
1287 464 1542 510 ἀπέσταλκά
1575 482 1645 510 σοι
1677 470 1749 510 καὶ
1782 469 1869 510 δω-

205 535 308 591 ρεὰς
339 535 498 594 στολὴν
531 537 766 616 πορφυρᾶν
795 536 866 577 καὶ
902 536 1122 590 στέφανον
1150 534 1332 589 χρύσεον
1363 537 1434 578 καὶ
1467 536 1712 591 παρακαλῶ
1740 552 1869 592 τιμη-

203 607 342 647 θέντα
374 600 450 661 1‘·'‹p
475 600 598 659 ἡμῶν
629 602 786 657 όμοιον
816 604 1066 657 γίνεσθαι
1057 604 1158 656 τερὶ
1194 599 1348 658 ἡμᾶς-,ιζ

318 675 356 714 3.
387 671 638 726 Δεξάμενος
679 671 726 714 δὲ
766 667 787 713 ὁ
816 666 1030 726 Ἰωνάθης
1068 668 1146 725 τὴν
1186 668 1424 725 ἐπιστολὴν
1457 670 1653 714 ἐνδύεται
1682 670 1761 725 μὲν
1791 672 1869 729 τὴν

205 738 425 795 ἱερατικὴν
463 738 624 795 στολὴν
661 741 737 796 τῆς
779 753 923 795 σκηνο
914 742 1076 794 τηγίας
1116 736 1328 795 ἔνστασις
1366 738 1476 791 μετὰ
1514 739 1586 795 ἑτι
1617 741 1812 795 τέσσαρα
1846 733 1869 797 ἢ

202 806 279 850 τὸν
311 803 505 863 ἀδελφὸν
538 802 670 849 αὐτοῦ
697 802 864 850 Ἰσίδαν
896 801 1168 848 ἀποθανεῖν·
1207 823 1278 848 και
1318 804 1401 860 γὰρ
1442 823 1490 848 οι
1478 805 1542 848 δε
1572 805 1682 849 κατὰ
1713 809 1870 850 τοῦτον

202 874 278 918 τὸν
306 873 461 928 χρόνον
494 870 717 930 ἀρχιερεύς
747 891 815 924 τις
846 873 1055 930 ἐγεγόνει·
1093 872 1270 928 συνάγει
1302 873 1346 916 δὲ
1381 873 1564 928 δύναμιν
1596 874 1765 931 πολλὴν
1795 877 1869 919 καὶ

200 944 380 1000 πλῆθος
420 937 572 984 ὅπλων
612 941 850 996 ἐχάλκευεν.
909 941 1166 999 Δημήτριον
1206 941 1253 983 δὲ
1285 941 1460 998 σφόδρα
1491 939 1614 984 ταῦτ’
1652 942 1868 1001 ἐλύπησεν

199 1009 410 1065 μαθόντα
439 1011 511 1052 καὶ
543 1011 620 1067 τῆς
649 1009 921 1066 βραδυτῆτος
952 1009 1108 1052 ἑαυτὸν
1147 1007 1356 1066 ἐποίησεν
1398 1009 1657 1063 αἰτιᾶσθαι,
1698 1005 1769 1054 ὅτι
1807 1010 1867 1069 μὴ

200 1076 440 1133 προλαβών
460 1073 748 1132 ,Ἀλέξανδρον
771 1073 904 1129 αὐτὸς
926 1077 1388 1135 ἐφιλανθρωπεύσατο
1409 1076 1486 1120 τὸν
1503 1073 1729 1136 Ἰωνάθην,
1763 1074 1863 1121 ἀλλ’

200 1145 350 1202 ἐκείνῳ
379 1147 621 1189 καταλίποι
650 1145 804 1201 καιρὸν
836 1145 898 1196 εἷς
928 1148 1072 1188 τοῦτο.
1131 1145 1294 1202 γράφει
1323 1150 1471 1190 τοίνυν
1502 1148 1573 1190 καὶ
1607 1142 1739 1198 αὐτὸς
1767 1146 1867 1191 ἐπι-

201 1213 360 1270 στολὴν
396 1216 459 1270 τῷ
485 1210 672 1271 Ἰωνάθῃ
709 1215 782 1256 καὶ
821 1216 884 1269 τῷ
923 1213 1046 1270 δήμῳ
1086 1214 1304 1270 δηλοῦσαν
1342 1214 1469 1257 τάδε·
1509 1215 1744 1269 ,βασιλεὺς
1773 1219 1868 1274 Δη-

198 1282 382 1340 μήτριος
407 1277 595 1338 Ἰωνάθῃ
627 1283 699 1324 καὶ
730 1283 794 1337 τῷ
825 1281 949 1325 ἔθνει
980 1283 1067 1323 τῶν
1093 1277 1318 1324 Ἰουδαίων
1345 1286 1529 1337 χαίρειν.
1590 1282 1744 1341 ἐπειδὴ
1777 1284 1868 1327 διε-

200 1348 415 1407 τηρήσατε
455 1349 533 1407 τὴν
572 1348 686 1405 πρὸς
724 1346 839 1405 ἡμᾶς
879 1350 1035 1406 φιλίαν
1074 1351 1146 1392 καὶ
1178 1349 1448 1404 πειράσασιν
1479 1348 1591 1404 ὑμᾶς
1619 1360 1714 1401 τοῖς
1745 1350 1868 1405 ἐμοῖς

202 1416 380 1472 ἐχθροῖς
412 1413 460 1461 οὐ
493 1420 796 1470 προσέθεσθε,
829 1419 899 1460 καὶ
932 1416 1094 1474 ταύτην
1131 1417 1210 1471 μὲν
1250 1414 1370 1472 ῦμιῦν
1403 1417 1573 1462 ἐπαινῶ
1602 1417 1681 1477 τὴν
1712 1423 1868 1463 πίστιν

200 1488 270 1528 καὶ
312 1486 555 1541 παρακαλῶ
597 1485 643 1528 δὲ
680 1494 774 1536 τοῖς
814 1480 964 1535 αἶ’τοῖς
1009 1484 1210 1540 ἐμμένειν
1256 1481 1630 1543 ἀποληψομένους
1676 1482 1868 1542 ἀμοιβὰς

201 1549 313 1608 παρ’
352 1550 471 1610 ἡμῶν
509 1554 580 1596 καὶ
616 1552 813 1608 χάριτας.
882 1551 984 1603 τοὺς
1027 1551 1110 1608 γὰρ
1155 1554 1392 1604 πλείστους
1429 1550 1551 1608 ὑμῶν
1591 1550 1739 1609 ἀνήσω
1778 1557 1867 1597 τῶν

202 1621 354 1678 φόρων
385 1622 458 1664 καὶ
488 1623 576 1663 τῶν
608 1620 868 1672 συντάξεων,
911 1619 963 1671 ἃς
1002 1619 1188 1664 ἐτελεῖτε
1225 1630 1321 1672 τοῖς
1350 1620 1438 1677 πρὸ
1474 1620 1579 1676 ἐμοῦ
1609 1623 1866 1676 βασιλεῦσιν

199 1690 271 1731 καὶ
304 1687 415 1742 ἐμοί,
448 1690 522 1731 νῦν
551 1704 601 1731 τε
629 1685 732 1742 ὑμῖν
754 1684 919 1745 ἀφίημι
937 1686 1041 1738 τοῦς
1062 1688 1240 1744 φόρους,
1274 1688 1348 1739 οὓς
1374 1684 1443 1732 ἀεὶ
1466 1693 1691 1745 παρέχετε.
1751 1689 1867 1743 πρὸς

199 1755 375 1806 τούτοις
406 1758 476 1799 καὶ
508 1754 586 1811 τὴν
616 1754 747 1813 τιμὴν
779 1753 880 1810 ῦμῖν
899 1755 1135 1811 χαρίζομαι
1166 1759 1254 1799 τῶν
1277 1754 1394 1801 ἇλιῦν
1416 1760 1489 1800 καὶ
1510 1760 1596 1800 τῶν
1620 1757 1864 1815 στεφάνων,

199 1823 274 1875 οὓς
303 1826 606 1881 προσεφέρετε
638 1820 752 1879 ἡμῖν,
793 1825 866 1866 καὶ
906 1819 1004 1867 ἀντὶ
1042 1826 1131 1866 τῶν
1167 1828 1329 1879 τρίτων
1367 1827 1445 1868 τοῦ
1481 1828 1655 1880 καρποῦ
1684 1828 1757 1870 καὶ
1786 1827 1867 1869 τοῦ

199 1888 384 1949 ἡμίσους
413 1894 490 1934 τοῦ
523 1890 694 1942 ξυλίνου
725 1893 899 1947 καρποῦ
928 1890 978 1935 τὸ
1010 1891 1240 1947 γινόμενον
1272 1890 1371 1947 ἐμοὶ
1401 1896 1534 1949 μέρος
1564 1890 1666 1948 ὑμῖν
1697 1889 1866 1952 ἀφίημι

310 2050 330 2092 §⁸
356 2051 400 2083 45
424 2066 469 2078 =
495 2052 525 2084 1.
551 2049 715 2085 Maccab.
740 2049 774 2084 X
801 2051 855 2086 20.

308 2194 672 2230 PFLAMVWELat
683 2195 843 2232 Zonaras
866 2195 883 2230 1
907 2207 944 2240 p.
970 2198 1047 2231 378.

312 2256 327 2287 1
354 2254 418 2288 καὶ
442 2249 510 2298 τὴν
533 2253 658 2289 πίστιν
681 2253 714 2287 Ε
808 2248 949 2288 *πάλιν
972 2251 1002 2286 L
1097 2255 1116 2286 2
1143 2254 1269 2299 φιλίας
1292 2254 1355 2289 καὶ
1381 2263 1448 2288 om.
1468 2253 1622 2288 AMWE
1690 2267 1862 2300 χειροτο-

197 2312 347 2354 νοῦμεν]
371 2311 435 2345 καὶ
458 2312 757 2355 χειροτονοῦμεν
780 2308 969 2344 LAMWE
1062 2308 1100 2345 δέ
1124 2319 1192 2344 om.
1219 2309 1249 2343 E
1333 2312 1352 2344 3
1379 2313 1451 2351 σοι]
1477 2309 1516 2346 δέ
1541 2323 1602 2346 σοι
1626 2310 1816 2346 LAMWE

196 2362 380 2411 *ὃωρεάς]
407 2365 563 2411 δῶραΡ
688 2369 707 2401 5
732 2365 909 2412 γενέσθαι
934 2364 966 2399 Ε
1095 2367 1114 2400 6
1139 2363 1207 2412 τὴν
1229 2362 1432 2412 ἐπιστολὴν
1458 2361 1478 2402 ὁ
1504 2364 1539 2407 (ὁ
1566 2377 1634 2402 om.
1658 2366 1863 2411 FAMWE)

197 2419 367 2468 ἰωνάθησ
391 2426 436 2457 tr.
459 2421 714 2457 FLAMVWE
809 2425 825 2455 ἰ
852 2419 1054 2467 ἱερατικὴν]
1080 2416 1349 2469 ἀρχιερατικὴν
1364 2421 1620 2457 FLAMVWE
1644 2423 1866 2459 sacerdotali

196 2477 268 2512 Lat
337 2475 564 2515 *ἐνστάσεισ
580 2479 626 2512 W
688 2475 752 2524 *ἢ]
770 2480 837 2514 τοῦ
854 2478 927 2512 AM
989 2480 1009 2512 9
1027 2476 1203 2524 *γεγόνει
1217 2479 1263 2513 W
1333 2475 1481 2524 *πάλην
1493 2478 1540 2512 W
1605 2482 1644 2513 10
1659 2477 1863 2525 ἐχάλκευσε

196 2533 227 2568 Ε
295 2536 415 2571 ταῦτα
433 2528 583 2581 σφόδρα
600 2539 643 2571 tr.
660 2534 915 2570 FLAMVWE
1004 2537 1041 2569 11
1069 2530 1217 2571 *αὑτὸν
1240 2535 1314 2570 ΑΜ
1339 2531 1457 2571 αὐτὸν
1482 2535 1527 2569 W
1614 2533 1863 2573 αἰτιάσασθαι

196 2588 243 2623 W
315 2592 356 2625 12
375 2588 760 2637 φιλανθρωπεύσαιτο
779 2590 811 2625 Ε
882 2586 983 2626 *τὸν
999 2601 1067 2626 om.
1084 2590 1114 2624 F
1189 2593 1228 2625 13
1252 2592 1476 2628 καταλείποι
1496 2591 1623 2627 PFLE
1692 2594 1862 2636 *τοίνυν]

198 2644 327 2689 μέντοι
349 2645 472 2681 AMW
497 2657 623 2682 uerum
649 2652 767 2682 tamen
791 2647 863 2682 Lat
949 2650 989 2682 14
1014 2649 1069 2696 τῷ
1092 2651 1175 2682 ante
1197 2642 1354 2693 Ἰωνάθῃ
1378 2658 1446 2682 om.
1472 2648 1518 2681 W
1617 2651 1652 2682 15
1677 2647 1758 2685 ἐπεὶ
1782 2649 1816 2684 Ε

198 2699 481 2748 *ἐδιετηρήσατε
505 2703 533 2737 Ρ
556 2700 763 2750 ἐτηρήσατε
786 2703 940 2738 LAMW
1013 2706 1054 2738 16
1079 2699 1205 2749 *ἧμᾶσ
1228 2703 1325 2737 L¹W
1393 2707 1504 2746 *τοῖς
1527 2724 1571 2729 -
1598 2708 1637 2739 17
1662 2700 1768 2749 ὑμῶν
1790 2715 1860 2742 om.

199 2755 246 2791 W
316 2760 356 2792 18
381 2759 473 2794 *καὶ
495 2769 563 2795 om.
589 2759 710 2794 AMW
779 2760 817 2797 δὲ
841 2770 909 2795 om,
927 2759 958 2794 E
1027 2757 1211 2804 ἐμμένειν]
1236 2759 1268 2793 Ε
1292 2758 1479 2803 ἐπιμένειν
1504 2760 1604 2795 codd.
1677 2763 1719 2796 19
1743 2756 1861 2806 ὑμῶν]

200 2808 315 2858 ἡμῶν,
338 2810 359 2859 ἦ
383 2823 427 2848 ex
450 2825 541 2850 corr.
568 2815 599 2850 E
623 2815 710 2861 ὑμῖν
735 2815 890 2851 Dindorf
988 2818 1030 2850 20
1055 2814 1228 2858 ἐτελεῖτε]
1253 2814 1464 2852 ἐπετελεῖτε
1488 2816 1584 2851 PFV
1676 2820 1715 2851 21
1740 2813 1862 2863 κάμοί

199 2867 352 2903 LAMW
443 2883 484 2906 τε
508 2881 577 2906 om.
601 2872 648 2906 W
761 2873 986 2918 *παρείχετε
1008 2871 1132 2906 AMW
1247 2874 1289 2906 22
1313 2868 1418 2916 ὑμῶν
1442 2872 1474 2906 Ε
1566 2872 1710 2916 *ἁλῶν]
1735 2871 1862 2911 ἄλλων

199 2923 312 2958 FVW
423 2927 464 2960 23
489 2927 723 2975 προεφέρετε
747 2927 777 2962 F
803 2924 906 2972 πρὸσ
931 2927 973 2964 σε
996 2928 1132 2974 φέρετε
1157 2932 1210 2970 (τε
1234 2928 1400 2966 deletum)
1425 2929 1471 2964 W
1495 2929 1736 2977 προσφέρετε
1759 2931 1792 2966 Ε

201 2981 310 3021 *τοῦ]
335 2981 411 3015 τῶν
435 2985 503 3018 τοῦ
526 2982 621 3018 PFV
714 2986 757 3019 24
780 2981 950 3030 ἡμίσεωσ
974 2984 1007 3019 Ε
1099 2981 1328 3031 *γενόμενον
1352 2984 1433 3020 VW

1900 677 1954 718 46

1899 947 1952 986 47

1898 1217 1951 1259 48

1897 1559 1951 1600 49
